3174 4990
226 431 267 494 54
325 483 327 488 .
362 469 365 474 ·
575 443 577 447 ·
612 443 658 494 nu
680 444 823 495 uarum
845 443 1000 496 onouun.
1101 435 1106 446 '

226 592 343 657 deinde
363 592 553 677 contagione
568 593 770 678 pulmonum,
783 615 823 658 ex
833 613 935 677 eaque
946 613 1019 678 pars
1031 591 1178 657 redditur
1187 588 1382 676 respirando,

225 719 298 781 pars
313 697 493 782 concipitur
512 697 615 763 cordis
636 689 729 783 parte
751 698 900 783 quadam,
922 720 1019 783 quem
1042 696 1259 762 ventriculum
1281 693 1383 788 cordis
1451 681 1453 686 ¹

226 802 400 885 appellant,
430 802 495 866 cui*
512 802 626 866 similis
656 803 738 866 alter
759 803 932 888 adjunctus
954 809 1011 878 est,
1034 785 1190 885 in'quern
1212 798 1342 884 sanguis
1364 819 1384 861 a

220 904 328 988 jecore
352 905 409 991 per
438 929 554 994 venam
583 908 674 972 illam
703 930 814 971 cavam
844 907 972 986 influit3
1006 928 1107 990 eoque
1138 904 1243 968 modo·
1263 925 1303 968 ex
1332 900 1383 966 his

79 1047 82 1053 ·
128 1063 130 1066 .
188 1015 191 1022 '
224 1001 372 1095 pertibus
397 1020 431 1076 et
458 1013 588 1097 sanguis
611 1035 669 1098 per
692 1035 791 1077 venas
815 1013 850 1076 in
875 1034 970 1076 omne
996 1019 1110 1096 cor'pus
1136 1008 1337 1074 diffunditur·
1350 1013 1384 1070 et
1419 1020 1459 1081 5*

225 1114 358 1199 spiritus
372 1138 430 1200 per
450 1117 590 1181 arterias.
636 1114 805 1206 Utraeque
823 1125 935 1180 autem
956 1103 1291 1196 crebrae-multaeque
1314 1117 1384 1174 toto

145 1213 149 1220 ’
226 1240 355 1305 corpore
378 1219 524 1285 intextae
548 1220 615 1305 vim
641 1213 811 1305 quandam·
832 1219 1054 1284 incredibilem
1085 1215 1249 1282 artificiosi
1279 1214 1384 1298 operis

48 1377 53 1386 .
157 1328 213 1388 139
226 1322 393 1409 divinique
417 1315 586 1387 testantur.
632 1322 718 1402 Quid
745 1323 850 1386 dicam
874 1323 915 1386 de
945 1322 1092 1387 ossibus?
1126 1342 1209 1404 quae
1238 1317 1385 1402 'subjecta

219 1425 350 1509 ¹corpori
367 1425 531 1489 mirabiles
552 1425 774 1488 commissuras
792 1424 916 1489 habent
937 1432 971 1488 et
991 1424 1032 1488 ad
1055 1422 1273 1490 stabilitatem
1290 1414 1384 1504 aptas

225 1536 259 1592 et
274 1527 315 1591 ad
328 1536 417 1592 artus
432 1527 590 1592 finiendos
605 1527 867 1592 accommodatas·
880 1535 913 1592 et
932 1526 972 1594 ad
990 1534 1117 1590 motum
1137 1533 1172 1589 et
1189 1521 1230 1588 ad
1253 1545 1383 1588 omnem
1399 1552 1444 1590 10*

100 1645 105 1654 '
139 1705 141 1710 ,
223 1630 541 1715 corporisactionem.
578 1631 654 1694 Huc
665 1630 748 1694 adde
759 1653 882 1708 nervos,
899 1652 919 1694 a
934 1629 1051 1714 quibus
1067 1635 1155 1692 artus
1167 1627 1386 1703 continentur,

167 1803 172 1814 ¹
216 1753 400 1818 ¹eorumque
429 1727 683 1819 implicationem
710 1755 840 1818 corpore
865 1740 935 1798 toto
964 1731 1192 1817 pertinentem,
1217 1729 1273 1815 qui
1299 1729 1382 1794 sicut

201 1854 326 1902 'venae
350 1845 384 1901 et
406 1837 543 1902 arteriae
561 1861 581 1902 a
600 1837 694 1901 corde
717 1845 839 1901 tractae
859 1843 892 1899 et
916 1836 1077 1920 profectae
1097 1834 1265 1918 incorpus
1287 1853 1382 1896 omne

155 1940 210 2013 140
224 1939 395 2005 ducuntur.
440 1930 562 2004 LVW
569 1939 622 2003 Ad
646 1940 737 2005 banc.
751 1938 986 2024 prouidentiam
1006 1945 1140 2002 naturae
1159 1944 1230 2001 tam
1246 1935 1381 2019 diligen-

65 2021 74 2038 .
115 2076 117 2082 v
222 2050 291 2106 tem
316 2045 450 2128 tamque
477 2043 639 2107 sollertem
658 2040 797 2128 'adjungi
824 2042 928 2107 multa
945 2048 1124 2126 possunt,e
1145 2039 1263 2124 quibus
1285 2037 1381 2107 intel-
1399 2060 1433 2121 15

175 2194 180 2204 .
200 2167 203 2174 ·
222 2145 356 2230 legatur,
374 2153 514 2231 quantae
534 2168 584 2210 res
606 2146 791 2210 bominibus
806 2169 829 2231 a·
839 2145 889 2209 dis
904 2166 1066 2230 quamque
1087 2142 1224 2207 eximiae
1239 2141 1382 2206 tributae
1442 2159 1444 2162 ·
1506 2137 1508 2141 ”

222 2248 295 2314 sint.
330 2249 396 2330 Qui
410 2249 552 2334 primum
568 2235 740 2340 eoshumo·
752 2249 906 2315 excitatos
921 2249 1021 2334 celsos
1041 2256 1075 2312 et
1091 2255 1211 2312 erectos
1226 2246 1382 2311 constitu·
1450 2301 1452 2304 .

222 2362 327 2432 erunt,
342 2361 379 2419 ut
398 2354 531 2418 deorum
551 2353 768 2439 cognitionem
788 2354 913 2418 caelum
933 2345 1098 2416 intuentes
1113 2372 1227 2438 capere
1241 2357 1402 2436 possent.-

169 2378 309 2523 Ξθιωϊ
324 2455 412 2534 enim
427 2477 467 2520 ex
486 2464 572 2520 terra
591 2441 827 2536 hominesnon
848 2466 887 2520 ut
909 2455 1032 2520 incolae
1053 2462 1152 2539 atque
1174 2453 1380 2547 habitatores,

221 2559 277 2624 sed
293 2559 385 2644 quasi
396 2567 593 2644 'spectatores
605 2556 792 2645 superarum
803 2582 910 2624 rerum
923 2568 1022 2644 atque
1034 2559 1229 2636 caelestium,
1242 2581 1379 2643 quarum
1398 2590 1435 2628 20
1510 2566 1511 2569 ’

221 2649 439 2747 spectaculum
469 2663 510 2726 ad
547 2663 676 2727 nullum
712 2663 802 2727 aliud
825 2650 940 2748 vgenus
977 2663 1193 2727 animantium
1230 2662 1399 2747 pertinet,

223 2767 344 2844 Sensus
363 2775 474 2832 autem
496 2768 689 2852 interpretes
712 2791 754 2850 ac,
770 2769 878 2832 nuntii
900 2790 1007 2832 rerum
1029 2768 1065 2852 in
1087 2762 1192 2851 capite
1214 2774 1382 2850 tamquam

221 2869 257 2938 in
271 2892 351 2934 arce·
367 2870 501 2938 mirifice
524 2870 565 2935 ad
587 2892 674 2949 usus
690 2871 884 2936 necessarios
908 2880 942 2936 et
968 2871 1046 2936 facti
1074 2878 1106 2934 et
1128 2869 1273 2934 collocati
1296 2876 1402 2938 sunt.v

223 2972 409 3039 Nam'oculi
424 2981 599 3058 tamquam,
607 2974 821 3058 speculatores
836 2973 1029 3038 altissimum
1046 2973 1152 3038 locum
1161 2971 1323 3048 obtinent,
1340 2993 1381 3036 ex

155 3082 208 3141 141
223 3076 286 3160 quo
301 3075 442 3160 plurima
456 3076 688 3161 conspicientes
703 3077 880 3161 fungantur
895 3099 953 3140 suo
969 3083 1116 3154 mu'nere;
1140 3084 1172 3140 et
1190 3098 1292 3151 auree,
1306 3091 1380 3140 cum
1396 3110 1411 3148 2
1416 3106 1432 3166 5
1469 3161 1472 3166 Ι

133 3191 143 3212 ⁰
222 3199 336 3242 sonum
359 3178 521 3262 percipere
542 3168 693 3254 debeant,
713 3178 770 3262 qui
792 3187 909 3242 natura
934 3178 969 3241 in
987 3177 1139 3242 sublime,
1159 3177 1278 3255 fertur,
1295 3186 1380 3243 recte

222 3279 257 3343 in
279 3281 354 3345 altis
376 3302 543 3366 corporum
565 3275 909 3366 partibuscollocatae
932 3277 1028 3361 sunt3
1053 3281 1198 3366 itemque
1220 3303 1313 3346 nares
1335 3289 1379 3358 et,
1466 3312 1470 3321 ·

223 3383 309 3468 quod
330 3383 433 3449 omnis
460 3382 536 3448 odor
555 3378 596 3466 ad
622 3405 738 3468 supera
758 3384 868 3462 fertur,
891 3392 977 3449 recte
997 3403 1124 3448 sursum
1142 3392 1218 3448 sunt
1239 3392 1279 3462 et,
1294 3384 1395 3470 quod·

119 3577 123 3584 Ι
224 3488 287 3554 cibi
310 3498 345 3555 et
369 3490 510 3576 potionis
529 3489 690 3576 judicium
716 3495 870 3576 inagnum
894 3498 1084 3568 earum-est,
1106 3483 1171 3578 non
1193 3489 1262 3554 sine
1284 3512 1381 3572 causa
1441 3508 1442 3512 ’

223 3593 424 3661 vicinitatem
440 3595 502 3660 oris
516 3604 645 3660 secutae
660 3604 744 3661 sunt.
788 3595 812 3660 J
813 3619 867 3668 am
881 3604 1038 3682 gustatus,
1055 3596 1112 3681 qui
1126 3597 1244 3662 sentire
1259 3619 1378 3672 eorum,
1394 3627 1433 3684 30

197 3781 212 3813 .·
274 3767 1078 3832 1contaptoae[ABGEP]B1.0,coapttotionaVOxl.UH11-l.
1176 3767 1280 3832 2qu
1289 3768 1381 3820 Asav

197 3838 280 3898 laud„
301 3847 366 3898 after
384 3848 470 3908 Klotz,
488 3865 564 3912 quam
582 3865 639 3900 uss.
742 3853 907 3900 ventriculum
925 3851 1013 3914 [Bon]
1034 3850 1101 3909 om,
1121 3853 1289 3900 cantero-ulum
1305 3850 1380 3903 APV.

223 3931 297 4000 dhis
319 3932 386 3995 [BE]
409 3931 474 3994 edd„
500 3935 534 3982 ita
554 3933 643 3984 AGPV
665 3934 723 3984 Oxf.
789 3982 792 3989 ,
850 3935 882 3983 10
900 3936 1028 3998 finiendos
1051 3947 1108 3992 uss,
1127 3980 1130 3985 ,
1131 3935 1263 3996 stupendos
1285 3933 1380 3983 Heind.

225 4016 256 4064 13
274 4023 370 4065 tractae
381 4018 539 4080 etproseotae
552 4031 600 4066 uss
612 4017 695 4074 ¹allen,
706 4019 784 4067 tracti
796 4024 819 4066 et
826 4018 937 4080 profecti
945 4017 1002 4068 Asc.
1015 4018 1093 4076 Herv.
1106 4016 1162 4067 edd.
1265 4018 1380 4066 Iliadis
1476 4047 1477 4050 =

225 4110 281 4155 uss,
292 4096 322 4145 in
336 4096 454 4146 brackets
468 4097 528 4147 Sch.
542 4097 608 4166 (who
623 4097 782 4160 conjectures
790 4100 828 4147 -ab
842 4097 1018 4158 ealBa.Mu.,
1031 4115 1047 4147 a
1060 4097 1379 4167 deoLamb.Dev3A11en.
1479 4132 1483 4140 ·
1574 4119 1576 4126 ’

122 4243 123 4248 ¹
226 4180 256 4231 17
273 4195 337 4243 quae
348 4180 463 4244 Hervag:
472 4180 538 4231 Vict.
551 4180 617 4240 edd,
627 4183 671 4244 qut
683 4195 732 4230 uss
743 4179 839 4229 Heind.
849 4180 932 4230 Allen.
994 4168 1176 4230 comtttceroot
1187 4180 1261 4230 o²Go
1272 4178 1376 4242 Heind.,

130 4291 132 4294 -
224 4255 356 4312 emacuit
372 4275 420 4312 nes
437 4263 575 4325 generally.
686 4262 717 4312 19
734 4278 747 4312 c
765 4270 835 4312 terra*
853 4261 911 4312 Sch.
1018 4262 1056 4311 -26
1072 4265 1102 4310 ia
1117 4263 1221 4312 sublicae
1237 4275 1285 4311 uss
1303 4262 1379 4312 Klotz

224 4343 307 4405 Allan,
323 4346 371 4407 [ta]
385 4346 487 4394 sublime
504 4344 563 4396 sah.
581 4345 645 4407 Mu,
664 4347 766 4394 sublime
779 4339 883 4395 OrsBa.
902 4343 943 4406 (cf.
960 4348 987 4406 ἐς
1005 4345 1045 4404 44,
1059 4343 1124 4409 101).
1152 4381 1155 4386 .
1224 4347 1255 4398 27
1273 4353 1297 4395 et
1315 4347 1380 4410 quod

224 4425 334 4476 ABcPv
346 4427 403 4478 Oxf.
416 4433 475 4486 34,
488 4444 515 4478 ec
527 4429 592 4491 qaod
603 4429 698 4479 EEOV
709 4428 783 4478 Allen
794 4428 871 4477 Klotz
885 4427 944 4478 Sch.
962 4439 964 4444 ·
1100 4427 1103 4432 “
1276 4409 1284 4465 .'
