3174 4990
227 419 247 480 6
613 433 659 482 nn
681 433 823 484 aarum
844 434 1000 484 naoaurr.

227 575 344 643 idcirco
359 598 410 642 ars
424 575 514 642 nulla
528 576 706 644 medicinae
721 588 781 644 est.
825 578 927 664 Signa
946 579 1163 645 ostenduntur
1176 603 1197 646 a
1211 579 1261 645 dis
1275 603 1383 646 rerum
1546 615 1568 658 a

227 680 419 745 futurarum.
463 680 504 743 In
519 680 569 745 his
589 680 616 745 si
636 681 693 766 qni
714 690 911 761 erraverunt,
930 705 996 746 non
1019 682 1153 748 deorum
1178 691 1305 762 natura,
1327 683 1386 748 sed
1547 664 1568 758 l,

227 782 397 847 hominum
411 781 595 868 conjectura
608 783 760 869 peccavit.
793 782 911 870 Itaque
926 785 1013 854 inter
1026 786 1294 852 omnesomnium
1307 809 1385 872 gen·
1550 823 1568 861 ,i

228 885 314 951 tium
335 907 463 950 summa
480 894 622 966 constat3
646 887 795 951 omnibus
813 887 901 952 enim
919 887 1069 953 innatum
1092 895 1141 953 est
1163 897 1197 953 et
1219 888 1254 952 in
1276 889 1384 954 animo
1551 925 1568 965 a

180 979 216 1059 13
229 988 321 1073 quasi
339 987 538 1074 insculptum
554 1011 622 1054 esse
637 989 721 1056 deos
765 989 804 1054 V.
851 988 970 1069 Quales
990 989 1065 1070 sint,
1079 990 1206 1056 varium
1225 999 1294 1072 est3
1315 1012 1385 1056 esse
1421 1011 1437 1072 5
1542 1029 1568 1084 {t

228 1113 324 1156 nemo
338 1099 444 1176 negat.
1195 1105 1207 1118 ·
1555 1113 1568 1174 f,

294 1195 470 1262 Cleanthas
487 1195 619 1281 quidem
637 1203 745 1260 noster
758 1179 918 1280 'quattuor
935 1195 977 1260 de
996 1195 1100 1262 causis
1114 1195 1199 1261 dixit
1215 1195 1250 1261 in
1268 1196 1386 1262 animis
1558 1215 1568 1300 q

228 1301 394 1366 hominurn
426 1300 614 1364 informatas
638 1300 772 1365 deorum
802 1321 869 1364 esse
895 1300 1050 1366 notiones
1106 1301 1249 1365 Primam
1277 1301 1387 1386 posuit
1560 1339 1568 1379 f

229 1425 311 1482 eam,
326 1404 366 1468 de
381 1425 447 1487 qua
462 1402 556 1467 modo
578 1402 654 1478 dixi,
674 1424 758 1485 quae
780 1409 851 1465 orta
872 1410 957 1466 esset
978 1425 1018 1467 ex
1040 1403 1262 1487 praesensione
1277 1426 1385 1469 rerum
1563 1445 1568 1484 ,

228 1505 427 1585 futurarum
448 1504 591 1582 alteram,
613 1526 712 1590 quam
736 1503 915 1587 ceperimus
935 1526 976 1568 ex
1001 1505 1226 1590 magnitudine
1246 1528 1386 1572 commo·
1402 1533 1440 1574 ιο
1544 1527 1568 1590 „3

228 1611 352 1688 dorum,
375 1631 458 1695 quae
483 1608 707 1694 percipiuntur
732 1607 813 1672 caeli
835 1608 1078 1693 temperatione,
1099 1610 1299 1676 fecunditate
1320 1618 1385 1675 ter-

179 1724 217 1783 14
229 1733 337 1778 rarum
360 1712 561 1796 aliarumque
583 1711 851 1775 commoditatum
876 1711 1091 1796 complurium
1115 1713 1224 1798 copia3
1245 1713 1386 1791 tertiam,
1436 1790 1439 1797 Ι

228 1837 312 1902 quae
325 1821 462 1879 terreret
475 1813 600 1878 animos
613 1813 813 1892 fulminibus
828 1815 1087 1898 tempestatibus,
1102 1815 1230 1894 nimbis,
1245 1815 1386 1893 nivibus,

227 1916 445 2003 grandinibus,
459 1915 621 1994 vastitate,
636 1915 831 2000 pestilentia,
847 1924 951 1981 terrae
967 1917 1107 1982 motibus
1119 1926 1154 1982 et
1168 1939 1264 2003 saepe
1278 1918 1386 1982 fremi-

227 2022 317 2087 tibus
331 2020 532 2105 lapideisque
547 2019 704 2084 imbribus
716 2029 749 2085 et
760 2021 865 2106 guttis
876 2021 1031 2086 imbrium
1044 2023 1136 2108 quasi
1148 2023 1300 2104 cruentis,
1312 2029 1384 2088 turn
1400 2050 1436 2111 15

228 2123 351 2190 labibus
370 2129 428 2188 aut
445 2122 624 2207 repentinis
641 2129 801 2188 terrarum
823 2124 975 2202 hiatibus,
990 2132 1063 2189 tum
1085 2133 1213 2209 praeter
1234 2133 1385 2190 naturam

227 2227 398 2292 hominum
417 2226 643 2312 pecudumque
661 2227 826 2312 portentis,
845 2235 918 2292 tum
940 2227 1063 2292 facibus
1084 2228 1162 2292 visis
1184 2227 1384 2308 caelestibus,

227 2340 301 2397 tum
322 2331 424 2396 stellis
444 2331 493 2409 iis,
511 2353 591 2416 quas
612 2332 727 2397 Graeci
747 2340 895 2408 cometas,
917 2332 1019 2408 nostri
1039 2331 1238 2396 cincinnatas
1260 2340 1385 2409 vocant,

227 2457 310 2520 quae
333 2455 438 2520 nuper
460 2434 545 2500 bello
575 2435 752 2500 Octaviano
779 2457 968 2520 magnarum
999 2435 1132 2499 fuerunt
1161 2434 1384 2500 calamitatum
1460 2487 1463 2490 .
1516 2472 1522 2482 ·

226 2537 447 2622 praenuntiae,
463 2545 534 2602 tum
553 2539 618 2602 sola
635 2538 809 2622 geminato,
824 2537 919 2621 qnod,
934 2545 973 2601 ut
994 2558 1012 2600 e
1032 2546 1125 2621 patre
1145 2537 1264 2614 audivi,
1285 2538 1384 2602 Tudi·
1400 2563 1439 2603 20

226 2649 305 2704 tano
320 2648 355 2705 et
368 2639 502 2724 Aquilio
520 2638 703 2704 consulibus
724 2648 883 2716 evenerat,
906 2661 970 2723 quo
991 2640 1122 2723 quidem
1142 2663 1227 2704 anno
1245 2641 1279 2706 P.
1298 2641 1385 2705 Afri-

227 2765 326 2808 canus
350 2743 396 2830 sol
425 2744 507 2810 alter
536 2744 714 2808 exstinctus
741 2751 800 2821 est,
825 2743 944 2828 quibus
970 2744 1116 2808 exterriti
1141 2744 1289 2808 homines
1317 2745 1385 2810 vim

175 2863 212 2921 15
227 2848 391 2932 quandam
416 2870 486 2912 esse
509 2849 680 2938 caelestem
707 2857 740 2913 et
765 2849 908 2914 divinam
934 2849 1086 2933 suspicati
1109 2856 1204 2930 sunt3
1235 2855 1385 2934 quartam

227 2973 357 3016 causam
386 2975 465 3032 esse,
497 2971 633 3037 eamque
662 2953 715 3018 vel
749 2956 934 3032 maximam,
965 2954 1232 3040 aequabilitatem
1269 2961 1384 3033 motus,

228 3054 467 3120 conversionem
497 3055 586 3132 caeli,
612 3055 694 3133 solis,
720 3055 818 3122 lunae
848 3058 1054 3142 siderumque
1084 3056 1230 3122 omnium
1253 3055 1385 3123 distino·
1400 3081 1414 3120 2
1420 3080 1437 3140 5

227 3160 360 3236 tionem,
389 3160 577 3237 utilitatem,
607 3160 893 3244 pulchritudinem,
925 3163 1081 3240 ordinem,
1111 3183 1248 3246 quarum
1277 3183 1385 3225 rerum

228 3272 376 3349 aspectus
396 3264 465 3349 ipse
484 3265 563 3329 satis
580 3265 737 3332 indicaret
756 3289 821 3331 non
844 3290 911 3332 esse
934 3291 973 3332 ea
994 3267 1143 3332 fortuita·
1182 3266 1242 3346 Ut,
1265 3265 1292 3330 si
1313 3265 1387 3351 quis

228 3359 263 3428 in
274 3366 407 3430 domum
422 3366 564 3452 aliquam
579 3376 637 3432 aut
651 3368 686 3432 in
701 3369 905 3454 gymnasium
921 3378 979 3433 aut
994 3369 1028 3433 in
1043 3370 1149 3433 forum
1164 3367 1300 3445 venerit,
1312 3388 1386 3430 curn

228 3470 339 3534 videat
354 3470 499 3546 omnium
513 3492 621 3535 rerum
636 3473 806 3551 rationem,
821 3473 963 3551 modum,
980 3471 1190 3558 disciplinam,
1206 3495 1272 3536 non
1286 3471 1388 3556 possit

229 3597 268 3640 ea
293 3573 363 3639 sine
386 3597 482 3640 causa
505 3575 575 3640 fieri
596 3576 752 3662 judicare,
780 3578 930 3643 sedasse
957 3578 1099 3662 aliquem
1125 3576 1303 3661 intellegat,
1330 3577 1387 3660 qui
1401 3593 1440 3650 30

211 3765 214 3771 ·
260 3749 264 3754 ”
281 3745 295 3794 1
311 3747 449 3797 medicinae
465 3745 512 3796 GE
522 3745 617 3807 Madv,
630 3748 757 3796 indicina
773 3759 823 3796 uss
834 3745 888 3797 Mu.-
999 3746 1015 3792 2
1031 3751 1125 3794 acturo
1142 3755 1201 3802 uss,
1211 3757 1302 3793 aaran
1318 3743 1384 3807 coni.

232 3827 292 3880 Soh.
306 3829 352 3890 Op.
364 3829 448 3880 11127.
574 3828 590 3876 4
605 3843 700 3878 camma
713 3841 769 3890 uss,
783 3829 908 3877 scatentia
919 3826 1030 3886 Manutr,
1042 3827 1150 3875 rcicatio
1161 3825 1217 3874 Pal,
1228 3827 1244 3874 3
1256 3839 1299 3886 ap.
1312 3826 1387 3876 Grut.

207 3897 211 3902 ”
232 3912 264 3961 10
280 3912 414 3972 ceperimus
425 3923 481 3969 nss,
496 3923 635 3972 caperemus
646 3909 718 3960 Bake
729 3909 780 3958 and
791 3908 1003 3959 Forohhammer.
1097 3907 1128 3956 16
1145 3908 1243 3956 Ιαὺίῖηιε
1254 3906 1311 3956 edd.
1323 3908 1389 3958 aiter

232 3989 396 4048 Gulielmius,
405 3990 532 4052 lapidibus
543 4001 592 4038 uss
604 3989 682 4050 (from
692 3987 828 4051 preceding
840 3977 956 4051 lapidea,
964 3987 996 4038 cf.
1004 3989 1133 4037 venenatis
1145 3986 1233 4053 5126),
1306 3987 1337 4036 18
1353 3989 1388 4036 iia

231 4072 297 4134 edd,
312 4073 351 4122 itia
362 4069 438 4129 ΔΘΕ,
449 4072 472 4118 is
483 4069 515 4118 Β.
591 4076 704 4128 comatos,
717 4068 821 4130 κομήτας
833 4069 968 4120 Suainson
979 4069 1047 4118 efter
1058 4067 1154 4118 Olavel.
1229 4069 1388 4118 cincinnatos

232 4154 331 4205 A²BGE
343 4153 443 4212 oxii,
455 4153 609 4202 ciocinaitoc
620 4150 661 4209 Al,
674 4153 715 4200 otti
732 4152 838 4200 crinitae
849 4151 884 4209 H,
897 4152 1003 4200 crinitae
1020 4149 1095 4198 MRV
1105 4149 1165 4199 Aso.
1284 4148 1315 4196 21
1332 4163 1389 4198 cott-

232 4239 335 4294 cuiibus,
353 4250 392 4285 cos
409 4233 461 4283 AO.
558 4232 608 4288 ,24
624 4239 701 4281 nutus
719 4234 899 4282 convertionem
912 4244 962 4282 uss
977 4231 1061 4291 Allen,
1081 4230 1146 4280 obal.
1165 4230 1219 4288 Or„
1235 4235 1315 4279 motus
1333 4245 1387 4279 ooa-

232 4322 419 4382 ocrsionumquc
442 4317 502 4370 Soh.
526 4315 580 4366 Mu.
606 4315 673 4366 aiter
694 4314 807 4373 Ernesti,
830 4322 910 4364 nutus
932 4317 962 4364 itt
975 4315 1142 4364 'conversione
1163 4313 1212 4363 Ba.
1234 4312 1301 4364 aiter
1321 4313 1388 4366 Dav.

233 4403 265 4452 26
281 4403 420 4450 utilitatem
431 4413 490 4458 uss,
505 4400 652 4450 cunctatam
662 4395 704 4449 El.
716 4397 745 4446 M
752 4395 804 4447 and
815 4395 838 4448 N
850 4395 878 4448 oi
888 4395 973 4447 Moser
983 4393 1041 4448 edd.
1053 4395 1119 4446 alter
1130 4393 1231 4444 Manui.
