3174 4990
416 422 480 470 rm.
503 422 531 469 11
552 421 625 470 car.
649 422 907 470 xxxr-xxxrrr
928 405 968 493 ξς
989 405 1126 476 79-85.
1306 411 1346 474 31

190 593 265 634 cum
280 569 418 635 dicimus
432 578 551 635 natura
566 577 713 635 constare
734 569 1017 655 administrarique
1037 571 1207 650 mundum,
1221 594 1286 636 non
1300 572 1349 638 ita
1366 555 1369 566 ¹
1388 571 1392 579 '

190 673 336 751 dicimus
356 683 395 738 ut
413 674 562 760 glaebam
585 682 643 738 aut
663 674 881 760 fragmentum
907 675 1023 760 lapidis
1046 684 1105 740 aut
1130 676 1252 762 aliquid
1277 677 1347 762 ejus

189 779 277 843 modi
302 779 393 843 nulla
416 778 607 842 cohaerendi
632 787 758 856 natura,
777 780 834 844 sed
858 775 896 843 ut
921 781 1077 857 arborem,
1099 789 1137 845 ut
1159 782 1290 859 animal,
1311 782 1345 845 in

190 881 307 966 quibus
337 881 429 945 nulla
457 881 632 958 temeritas,
662 881 718 946 sed
748 883 823 947 ordo
854 891 989 968 apparet
1018 891 1053 948 et
1081 884 1159 948 artis
1185 885 1346 970 quaedam

160 1005 175 1066 5
191 985 377 1050 similitudo,

205 1083 245 1122 st
255 1088 416 1154 XXXIII.
461 1088 583 1168 Quodsi
613 1111 659 1166 ea,
685 1111 769 1176 quae
793 1112 813 1154 a
838 1098 923 1154 terra
947 1091 1101 1177 stirpibus
1131 1092 1345 1170 continentur,
1359 1100 1397 1160 8³

190 1203 259 1260 arte
283 1204 419 1259 naturae
442 1195 558 1259 vivunt
585 1204 618 1259 et
647 1196 769 1282 vigent,
795 1197 937 1280 prolecto
962 1196 1033 1282 ipsa
1057 1205 1143 1261 terra
1169 1197 1282 1262 eadem
1314 1197 1344 1262 vi

190 1298 374 1363 continetur
405 1298 486 1381 [arte
515 1297 675 1381 naturae]‚
705 1297 825 1382 quippe
856 1319 939 1382 quae
968 1298 1138 1383 gravidata
1166 1299 1345 1364 seminibus

190 1398 299 1462 omnia
312 1398 418 1483 pariat
433 1406 466 1462 et
480 1399 597 1462 fundat
620 1421 661 1463 ex
680 1420 756 1476 sese,
773 1399 890 1486 stirpes
909 1401 1059 1485 amplexa
1079 1401 1145 1466 alat
1163 1409 1198 1466 et
1215 1411 1343 1488 augeat,

139 1502 324 1588 rossipsaque
350 1503 455 1567 alatur
477 1503 662 1568 vicissima
691 1505 814 1590 superis
842 1507 1049 1593 externisque
1073 1508 1206 1574 naturis.
1251 1509 1346 1595 Ejus·

190 1608 329 1694 demque
344 1609 615 1695 exspirationibus
633 1617 668 1674 et
683 1618 738 1674 aer
753 1610 853 1675 alitur
867 1620 902 1676 et
916 1613 1029 1676 aether
1043 1620 1078 1677 et
1098 1613 1207 1677 omnia
1221 1635 1345 1700 supera.

191 1711 253 1789 Ita,
278 1713 305 1776 si
331 1719 418 1778 terra
443 1722 561 1777 natura
586 1720 719 1777 tenetur
740 1721 773 1777 et
799 1713 897 1799 viget,
920 1715 1034 1779 eadem
1059 1715 1142 1780 ratio
1162 1716 1198 1780 in
1220 1717 1343 1802 reliquo

189 1817 310 1880 mundo
333 1825 401 1896 est;
436 1817 550 1902 stirpes
573 1817 661 1882 enim
683 1826 787 1882 terrae
809 1818 998 1900 inhaerent;
1028 1822 1210 1887 animantes
1233 1831 1345 1899 autem

190 1920 384 2006 aspiratione
399 1921 481 1986 aeris
497 1922 707 1999 sustinentur,
721 1921 854 2007 ipseque
869 1929 924 1988 ae‘r
939 1911 1106 1989 nobiscum
1121 1925 1221 2002 videt,
1237 1926 1345 1990 nobis-

139 2045 174 2106 15
190 2046 264 2089 cum
290 2025 390 2101 audit,
418 2025 585 2091 nobiscum
610 2034 720 2106 sonat3
756 2026 839 2095 nihil
862 2027 950 2092 enim
978 2049 1089 2093 eorum
1117 2028 1185 2093 sine
1212 2051 1250 2093 eo
1275 2029 1346 2094 fieri

190 2136 315 2214 potest;
339 2129 419 2214 quin
435 2129 536 2194 etiam
551 2137 701 2194 movetur
715 2130 882 2195 nobiseum
897 2155 904 2212 ;
927 2155 1132 2219 quacumque
1148 2133 1236 2197 enim
1251 2133 1346 2212 imus,

190 2257 394 2321 quacumque
424 2257 601 2311 movemur,
632 2235 761 2300 videtur
794 2236 887 2321 quasi
917 2237 1024 2301 locum
1054 2237 1131 2302 dare
1162 2245 1196 2302 et
1225 2238 1346 2304 cedere.

191 2337 346 2424 Quaeque
368 2338 403 2402 in
425 2338 569 2403 medium
591 2339 697 2404 locum
721 2339 843 2416 mundi,
860 2339 917 2425 qui
940 2348 989 2404 est
1011 2339 1151 2416 infimus,
1167 2348 1201 2404 et
1221 2361 1304 2424 quae
1327 2365 1347 2406 a
1361 2347 1399 2406 84

189 2445 296 2509 medio
319 2445 353 2508 in
380 2467 532 2530 superum
555 2466 702 2530 quaeque
729 2445 935 2508 conversione
961 2444 1100 2509 rotunda
1128 2443 1249 2508 circum
1278 2467 1347 2509 me·

139 2568 175 2606 20
189 2547 280 2612 dium
294 2547 451 2626 feruntur,
467 2569 505 2612 ea
525 2547 745 2612 continentem
766 2548 880 2612 mundi
904 2547 1048 2612 efficiunt
1067 2568 1230 2631 unamque
1250 2554 1345 2633 natu·
1369 2545 1397 2604 o!

188 2675 266 2717 ram.
311 2651 355 2715 Et
384 2672 458 2715 cum
488 2658 641 2736 quattuor
669 2671 788 2734 genera
824 2651 890 2715 sint
920 2651 1095 2736 corporum,
1125 2649 1345 2716 vicissitudine

188 2779 298 2822 corum
321 2756 436 2820 mundi
459 2755 647 2820 continuata
668 2764 784 2821 natura
806 2765 864 2822 est.
908 2757 997 2820 Nam
1020 2777 1060 2820 ex
1083 2763 1168 2820 terra
1189 2778 1282 2840 aqua,
1305 2777 1345 2820 ex

188 2883 272 2946 aqua
294 2861 395 2924 oritur
417 2866 481 2938 aer,
498 2881 539 2923 ex
560 2867 634 2923 ae‘re
657 2859 778 2935 aether,
801 2859 918 2924 deinde
940 2867 1114 2928 retrorsum
1141 2858 1282 2923 vicissim
1305 2881 1345 2923 ex

188 2963 319 3028 aethere
342 2969 404 3041 a'e'r,
419 2962 494 3026 inde
517 2983 609 3047 aque,
625 2983 666 3026 ex
688 2983 772 3046 aqua
786 2949 879 3026 ¹terra
900 2962 1020 3028 infima
1066 2961 1120 3027 Sio
1142 2962 1266 3026 naturis
1286 2961 1345 3042 his,

136 3087 173 3148 25
184 3089 228 3130 ,ex
242 3066 360 3152 quibus
376 3065 485 3129 omnia
505 3072 661 3144 constant,
679 3087 786 3129 sursus
807 3064 945 3143 deorsus,
961 3066 1047 3130 ultro
1067 3065 1148 3128 citro
1162 3086 1344 3128 commean-

188 3172 274 3236 tibus
296 3171 410 3235 mundi
430 3170 572 3255 partium
592 3170 773 3256 conjunctio
795 3171 986 3236 continetur.
1033 3171 1125 3251 Quae
1148 3177 1206 3234 aut
1228 3169 1344 3255 sempi-
1357 3177 1395 3236 85

187 3283 280 3340 tama
294 3275 337 3339 sit
351 3295 481 3338 necesse
496 3283 546 3340 est
561 3274 618 3339 hoo
633 3273 746 3338 eodem
762 3283 886 3352 ornatu,
902 3296 1000 3360 quem
1014 3274 1170 3352 videmus,
1185 3281 1243 3337 aut
1258 3279 1343 3336 certe

187 3378 408 3464 perdiuturna,
431 3399 623 3464 permanens
649 3377 690 3440 ad
716 3376 931 3462 longinquum
961 3384 995 3441 et
1019 3377 1215 3441 immensum
1240 3397 1343 3460 paene
1379 3409 1380 3412 ¹

187 3489 324 3566 tempus.
370 3481 514 3561 Quorum
541 3480 699 3544 utrumvis
723 3488 761 3544 ut
785 3481 836 3558 sit,
868 3479 1014 3566 sequitur
1043 3489 1160 3544 natura
1183 3479 1343 3542 mundum

134 3614 174 3672 30
187 3584 412 3648 administrari.
451 3583 541 3663 Quae
556 3583 643 3647 enim
659 3583 809 3648 classium
823 3583 988 3669 navigatio
1003 3592 1061 3648 aut
1076 3605 1158 3668 quae
1173 3581 1343 3646 instructio

187 3688 346 3753 exercitus
372 3695 438 3772 aut,
465 3709 573 3751 rursus
598 3695 636 3750 ut
662 3709 708 3765 ea,
738 3709 821 3772 quae
850 3695 968 3751 natura
998 3685 1104 3764 efficit,
1135 3683 1342 3762 conferamus,

188 3814 270 3878 quae
292 3791 468 3877 procreatio
490 3790 566 3854 vitis
588 3798 647 3854 aut
668 3790 797 3869 arboris,
820 3813 902 3876 quae
925 3812 1018 3875 porro
1040 3788 1213 3853 animantis
1240 3787 1344 3874 figura

187 3897 459 3982 conformatioque
487 3897 703 3962 membrorum
729 3905 856 3962 tantam
881 3905 1017 3961 naturae
1044 3895 1220 3960 sollertiam
1244 3893 1343 3980 signi-

190 4084 258 4146 Soh,
272 4088 306 4135 tir
323 4084 411 4149 [AOV]
422 4089 441 4134 B
453 4085 496 4134 Or.
507 4085 555 4136 Ba.
655 4087 670 4133 3
687 4086 760 4134 aella
774 4085 923 4133 cohaerendi
935 4096 993 4144 rrss,
1007 4083 1061 4132 solo
1077 4083 1130 4131 coh.
1142 4080 1254 4140 Walker,
1271 4083 1344 4132 uallo

188 4169 240 4215 nist
251 4168 304 4216 coh.
316 4165 411 4217 Heind.
513 4169 528 4216 8
545 4174 599 4216 arte
615 4174 721 4216 naturae
738 4179 787 4214 mss
806 4165 849 4227 (by
865 4163 1001 4227 repetition
1018 4164 1086 4212 from
1103 4163 1200 4229 above),
1212 4176 1263 4211 om.
1276 4163 1340 4212 Dav.

189 4247 231 4298 Or.
243 4248 299 4309 Ba,
309 4247 339 4296 in
347 4247 465 4297 brackets
473 4247 536 4306 Mu„
546 4255 570 4297 et
578 4255 633 4297 arte
641 4254 747 4297 naturae
757 4247 801 4296 Ur
808 4245 878 4304 Sch„
885 4253 992 4294 acturae
1002 4245 1049 4294 GE
1057 4243 1151 4294 Heind.
1233 4243 1265 4294 17
1281 4259 1343 4306 quc·

187 4345 290 4393 cumque
307 4344 431 4379 moveram
447 4329 519 4379 BV!
536 4329 605 4388 Oxi„
623 4344 673 4391 qua
689 4343 812 4378 rwoemur
828 4327 984 4376 sesamo.
1092 4325 1123 4372 24
1140 4327 1180 4374 his
1198 4323 1258 4375 ech.
1275 4323 1341 4386 Mu,

187 4412 222 4459 its
233 4411 253 4460 0
265 4411 308 4461 Or.
320 4409 376 4474 Ba,
391 4412 441 4460 hita
452 4411 483 4472 B,
496 4413 520 4460 is
531 4410 584 4468 AV,
598 4411 642 4474 hys
653 4409 684 4462 Ε.
786 4410 817 4457 31
835 4423 865 4458 aa
877 4423 940 4474 ptrue
952 4407 1006 4469 BE,
1021 4421 1097 4472 eaque
1108 4405 1184 4456 AOV.
