<?xml version="1.0" encoding="UTF-8"?>
<!DOCTYPE html PUBLIC "-//W3C//DTD XHTML 1.0 Transitional//EN"
    "http://www.w3.org/TR/xhtml1/DTD/xhtml1-transitional.dtd">
<html xmlns="http://www.w3.org/1999/xhtml" xml:lang="en" lang="en">
 <head>
  <title>
</title>
<meta http-equiv="Content-Type" content="text/html;charset=utf-8" />
  <meta name='ocr-system' content='tesseract 3.04.00' />
  <meta name='ocr-capabilities' content='ocr_page ocr_carea ocr_par ocr_line ocrx_word'/>
</head>
<body>
  <div class='ocr_page' id='page_1' title='image "./mtulliiciceroni04swaigoog_0038.png"; bbox 0 0 3174 4990; ppageno 0'>
   <div class='ocr_carea' id='block_1_1' title="bbox 215 388 988 448">
    <p class='ocr_par' dir='ltr' id='par_1_1' title="bbox 215 341 1576 476">
     <span class='ocr_line' id='line_1_1' title="bbox 215 388 988 448; baseline 0.005 -2"><span class='ocrx_word' id='word_1_1' title='bbox 215 388 235 446; x_wconf 90' lang='lat'>8</span> <span class='ocrx_word' id='word_1_2' title='bbox 601 399 648 447; x_wconf 77' lang='lat' dir='ltr'>na</span> <span class='ocrx_word' id='word_1_3' title='bbox 670 397 812 448; x_wconf 71' lang='lat' dir='ltr'>narnus</span> <span class='ocrx_word' id='word_1_4' title='bbox 833 399 988 448; x_wconf 76' lang='lat' dir='ltr'>pronun.</span> 
     </span>
    </p>
   </div>
   <div class='ocr_carea' id='block_1_2' title="bbox 158 544 1576 3409">
    <p class='ocr_par' dir='ltr' id='par_1_2' title="bbox 214 544 1373 634">
     <span class='ocr_line' id='line_1_2' title="bbox 214 544 1373 634; baseline -0.001 -23"><span class='ocrx_word' id='word_1_5' title='bbox 214 547 319 632; x_wconf 83' lang='lat' dir='ltr'>ipsam</span> <span class='ocrx_word' id='word_1_6' title='bbox 334 567 473 626; x_wconf 86' lang='lat' dir='ltr'>causam,</span> <span class='ocrx_word' id='word_1_7' title='bbox 489 547 576 633; x_wconf 92' lang='lat' dir='ltr'>quod</span> <span class='ocrx_word' id='word_1_8' title='bbox 591 548 692 613; x_wconf 89' lang='lat' dir='ltr'>etiam</span> <span class='ocrx_word' id='word_1_9' title='bbox 706 548 901 634; x_wconf 89' lang='lat' dir='ltr'>quibusdam</span> <span class='ocrx_word' id='word_1_10' title='bbox 916 546 1102 630; x_wconf 82' lang='lat' dir='ltr'>regionibus</span> <span class='ocrx_word' id='word_1_11' title='bbox 1120 554 1219 631; x_wconf 86' lang='lat' dir='ltr'>atque</span> <span class='ocrx_word' id='word_1_12' title='bbox 1238 544 1373 611; x_wconf 81' lang='lat' dir='ltr'>urbibus</span> 
     </span>
    </p>

    <p class='ocr_par' dir='ltr' id='par_1_3' title="bbox 215 650 1373 737">
     <span class='ocr_line' id='line_1_3' title="bbox 215 650 1373 737; baseline -0.001 -23"><span class='ocrx_word' id='word_1_13' title='bbox 215 651 400 736; x_wconf 88' lang='lat' dir='ltr'>contingere</span> <span class='ocrx_word' id='word_1_14' title='bbox 415 651 570 728; x_wconf 86' lang='lat' dir='ltr'>videmus,</span> <span class='ocrx_word' id='word_1_15' title='bbox 585 651 752 716; x_wconf 73' lang='lat' dir='ltr'>hebetiora</span> <span class='ocrx_word' id='word_1_16' title='bbox 766 659 806 716; x_wconf 92' lang='lat' dir='ltr'>ut</span> <span class='ocrx_word' id='word_1_17' title='bbox 820 652 886 716; x_wconf 89' lang='lat' dir='ltr'>sint</span> <span class='ocrx_word' id='word_1_18' title='bbox 906 651 1074 737; x_wconf 90' lang='lat' dir='ltr'>hominum</span> <span class='ocrx_word' id='word_1_19' title='bbox 1094 650 1225 735; x_wconf 90' lang='lat' dir='ltr'>ingenia</span> <span class='ocrx_word' id='word_1_20' title='bbox 1243 657 1373 734; x_wconf 86' lang='lat' dir='ltr'>propter</span> 
     </span>
    </p>

    <p class='ocr_par' dir='ltr' id='par_1_4' title="bbox 166 753 1373 952">
     <span class='ocr_line' id='line_1_4' title="bbox 215 753 1373 839; baseline 0 -22"><span class='ocrx_word' id='word_1_21' title='bbox 215 754 296 818; x_wconf 88' lang='lat' dir='ltr'>coeli</span> <span class='ocrx_word' id='word_1_22' title='bbox 310 753 488 838; x_wconf 79' lang='lat' dir='ltr'>pleniorem</span> <span class='ocrx_word' id='word_1_23' title='bbox 503 761 661 830; x_wconf 81' lang='lat' dir='ltr'>naturam,</span> <span class='ocrx_word' id='word_1_24' title='bbox 674 755 734 818; x_wconf 93' lang='lat' dir='ltr'>hoc</span> <span class='ocrx_word' id='word_1_25' title='bbox 745 753 829 818; x_wconf 92' lang='lat' dir='ltr'>idem</span> <span class='ocrx_word' id='word_1_26' title='bbox 842 754 954 839; x_wconf 87' lang='lat' dir='ltr'>generi</span> <span class='ocrx_word' id='word_1_27' title='bbox 965 755 1107 818; x_wconf 87' lang='lat' dir='ltr'>humano</span> <span class='ocrx_word' id='word_1_28' title='bbox 1122 753 1276 831; x_wconf 82' lang='lat' dir='ltr'>evenerit,</span> <span class='ocrx_word' id='word_1_29' title='bbox 1287 753 1373 838; x_wconf 93' lang='lat' dir='ltr'>quod</span> 
     </span>
     <span class='ocr_line' id='line_1_5' title="bbox 166 855 1373 952; baseline -0.002 -30"><span class='ocrx_word' id='word_1_30' title='bbox 166 866 204 925; x_wconf 88' lang='lat'>18</span> <span class='ocrx_word' id='word_1_31' title='bbox 216 857 250 921; x_wconf 94' lang='lat' dir='ltr'>in</span> <span class='ocrx_word' id='word_1_32' title='bbox 264 865 358 934; x_wconf 90' lang='lat' dir='ltr'>terra,</span> <span class='ocrx_word' id='word_1_33' title='bbox 370 857 430 928; x_wconf 89' lang='lat' dir='ltr'>hoc</span> <span class='ocrx_word' id='word_1_34' title='bbox 444 864 493 921; x_wconf 87' lang='lat' dir='ltr'>est</span> <span class='ocrx_word' id='word_1_35' title='bbox 508 857 543 920; x_wconf 93' lang='lat' dir='ltr'>in</span> <span class='ocrx_word' id='word_1_36' title='bbox 559 857 754 921; x_wconf 82' lang='lat' dir='ltr'>crassissima</span> <span class='ocrx_word' id='word_1_37' title='bbox 769 856 899 941; x_wconf 86' lang='lat' dir='ltr'>regione</span> <span class='ocrx_word' id='word_1_38' title='bbox 916 857 1037 952; x_wconf 81' lang='lat' dir='ltr'>muqdi,</span> <span class='ocrx_word' id='word_1_39' title='bbox 1048 855 1193 921; x_wconf 87' lang='lat' dir='ltr'>collocati</span> <span class='ocrx_word' id='word_1_40' title='bbox 1209 857 1292 921; x_wconf 71' lang='lat' dir='ltr'>sint?</span> <span class='ocrx_word' id='word_1_41' title='bbox 1329 857 1373 934; x_wconf 81' lang='lat' dir='ltr'>Et</span> 
     </span>
    </p>

    <p class='ocr_par' dir='ltr' id='par_1_5' title="bbox 215 960 1423 1046">
     <span class='ocr_line' id='line_1_6' title="bbox 215 960 1423 1046; baseline 0.001 -22"><span class='ocrx_word' id='word_1_42' title='bbox 215 969 326 1024; x_wconf 88' lang='lat' dir='ltr'>tamen</span> <span class='ocrx_word' id='word_1_43' title='bbox 343 982 384 1025; x_wconf 87' lang='lat' dir='ltr'>ex</span> <span class='ocrx_word' id='word_1_44' title='bbox 403 960 473 1045; x_wconf 88' lang='lat' dir='ltr'>ipsa</span> <span class='ocrx_word' id='word_1_45' title='bbox 492 960 662 1026; x_wconf 91' lang='lat' dir='ltr'>hominurn</span> <span class='ocrx_word' id='word_1_46' title='bbox 682 961 824 1025; x_wconf 90' lang='lat' dir='ltr'>sollertia</span> <span class='ocrx_word' id='word_1_47' title='bbox 842 983 911 1025; x_wconf 87' lang='lat' dir='ltr'>esse</span> <span class='ocrx_word' id='word_1_48' title='bbox 926 961 1068 1046; x_wconf 88' lang='lat' dir='ltr'>aliquam</span> <span class='ocrx_word' id='word_1_49' title='bbox 1083 963 1197 1027; x_wconf 61' lang='lat' dir='ltr'>naurdi</span> <span class='ocrx_word' id='word_1_50' title='bbox 1219 970 1373 1039; x_wconf 86' lang='lat' dir='ltr'>mentem,</span> <span class='ocrx_word' id='word_1_51' title='bbox 1407 979 1423 1040; x_wconf 85' lang='lat'><strong>5</strong></span> 
     </span>
    </p>

    <p class='ocr_par' dir='ltr' id='par_1_6' title="bbox 216 1063 1371 1148">
     <span class='ocr_line' id='line_1_7' title="bbox 216 1063 1371 1148; baseline 0.002 -20"><span class='ocrx_word' id='word_1_52' title='bbox 216 1072 250 1128; x_wconf 88' lang='lat' dir='ltr'>et</span> <span class='ocrx_word' id='word_1_53' title='bbox 279 1085 352 1128; x_wconf 91' lang='lat' dir='ltr'>eam</span> <span class='ocrx_word' id='word_1_54' title='bbox 381 1063 512 1148; x_wconf 92' lang='lat' dir='ltr'>quidem</span> <span class='ocrx_word' id='word_1_55' title='bbox 542 1064 696 1128; x_wconf 89' lang='lat' dir='ltr'>acriorem</span> <span class='ocrx_word' id='word_1_56' title='bbox 733 1072 767 1128; x_wconf 91' lang='lat' dir='ltr'>et</span> <span class='ocrx_word' id='word_1_57' title='bbox 804 1064 957 1141; x_wconf 85' lang='lat' dir='ltr'>divinam,</span> <span class='ocrx_word' id='word_1_58' title='bbox 988 1064 1171 1129; x_wconf 85' lang='lat' dir='ltr'>existimare</span> <span class='ocrx_word' id='word_1_59' title='bbox 1208 1064 1371 1134; x_wconf 90' lang='lat' dir='ltr'>debemus.</span> 
     </span>
    </p>

    <p class='ocr_par' dir='ltr' id='par_1_7' title="bbox 217 1165 1372 1252">
     <span class='ocr_line' id='line_1_8' title="bbox 217 1165 1372 1252; baseline -0.001 -21"><span class='ocrx_word' id='word_1_60' title='bbox 217 1166 345 1231; x_wconf 84' lang='lat' dir='ltr'>‘Unde</span> <span class='ocrx_word' id='word_1_61' title='bbox 375 1166 474 1230; x_wconf 87' lang='lat' dir='ltr'>enim</span> <span class='ocrx_word' id='word_1_62' title='bbox 505 1165 601 1230; x_wconf 88' lang='lat' dir='ltr'>hanc</span> <span class='ocrx_word' id='word_1_63' title='bbox 632 1167 740 1231; x_wconf 90' lang='lat' dir='ltr'>homo</span> <span class='ocrx_word' id='word_1_64' title='bbox 771 1165 967 1252; x_wconf 83' lang='lat' dir='ltr'>arripuitl&#39;</span> <span class='ocrx_word' id='word_1_65' title='bbox 1001 1174 1039 1231; x_wconf 94' lang='lat' dir='ltr'>ut</span> <span class='ocrx_word' id='word_1_66' title='bbox 1065 1167 1113 1231; x_wconf 88' lang='lat' dir='ltr'>ait</span> <span class='ocrx_word' id='word_1_67' title='bbox 1144 1167 1231 1252; x_wconf 88' lang='lat' dir='ltr'>apud</span> <span class='ocrx_word' id='word_1_68' title='bbox 1263 1167 1372 1230; x_wconf 91' lang='lat' dir='ltr'>Xeno-</span> 
     </span>
    </p>

    <p class='ocr_par' dir='ltr' id='par_1_8' title="bbox 215 1269 1372 1357">
     <span class='ocr_line' id='line_1_9' title="bbox 215 1269 1372 1357; baseline 0.001 -24"><span class='ocrx_word' id='word_1_69' title='bbox 215 1270 371 1356; x_wconf 90' lang='lat' dir='ltr'>phontem</span> <span class='ocrx_word' id='word_1_70' title='bbox 392 1269 547 1335; x_wconf 81' lang='lat' dir='ltr'>Socrates</span> <span class='ocrx_word' id='word_1_71' title='bbox 592 1269 680 1349; x_wconf 80' lang='lat' dir='ltr'>Quin</span> <span class='ocrx_word' id='word_1_72' title='bbox 702 1277 736 1334; x_wconf 89' lang='lat' dir='ltr'>et</span> <span class='ocrx_word' id='word_1_73' title='bbox 758 1293 905 1335; x_wconf 91' lang='lat' dir='ltr'>umorem</span> <span class='ocrx_word' id='word_1_74' title='bbox 928 1279 962 1335; x_wconf 91' lang='lat' dir='ltr'>et</span> <span class='ocrx_word' id='word_1_75' title='bbox 984 1271 1130 1348; x_wconf 88' lang='lat' dir='ltr'>calorem,</span> <span class='ocrx_word' id='word_1_76' title='bbox 1146 1271 1203 1357; x_wconf 92' lang='lat' dir='ltr'>qui</span> <span class='ocrx_word' id='word_1_77' title='bbox 1218 1279 1268 1336; x_wconf 88' lang='lat' dir='ltr'>est</span> <span class='ocrx_word' id='word_1_78' title='bbox 1282 1271 1372 1335; x_wconf 89' lang='lat' dir='ltr'>fusus</span> 
     </span>
    </p>

    <p class='ocr_par' dir='ltr' id='par_1_9' title="bbox 215 1372 1371 1458">
     <span class='ocr_line' id='line_1_10' title="bbox 215 1372 1371 1458; baseline -0.001 -21"><span class='ocrx_word' id='word_1_79' title='bbox 215 1374 249 1437; x_wconf 93' lang='lat' dir='ltr'>in</span> <span class='ocrx_word' id='word_1_80' title='bbox 275 1395 413 1458; x_wconf 90' lang='lat' dir='ltr'>corpore,</span> <span class='ocrx_word' id='word_1_81' title='bbox 441 1381 475 1436; x_wconf 91' lang='lat' dir='ltr'>et</span> <span class='ocrx_word' id='word_1_82' title='bbox 500 1381 661 1436; x_wconf 87' lang='lat' dir='ltr'>terrenam</span> <span class='ocrx_word' id='word_1_83' title='bbox 687 1372 790 1457; x_wconf 91' lang='lat' dir='ltr'>ipsam</span> <span class='ocrx_word' id='word_1_84' title='bbox 815 1374 974 1438; x_wconf 88' lang='lat' dir='ltr'>viseerum</span> <span class='ocrx_word' id='word_1_85' title='bbox 999 1374 1204 1450; x_wconf 88' lang='lat' dir='ltr'>soliditatem,</span> <span class='ocrx_word' id='word_1_86' title='bbox 1226 1374 1371 1438; x_wconf 88' lang='lat' dir='ltr'>animum</span> 
     </span>
    </p>

    <p class='ocr_par' dir='ltr' id='par_1_10' title="bbox 208 1465 1423 1563">
     <span class='ocr_line' id='line_1_11' title="bbox 208 1465 1423 1563; baseline -0.004 -21"><span class='ocrx_word' id='word_1_87' title='bbox 208 1478 354 1561; x_wconf 73' lang='lat' dir='ltr'>,deniqne</span> <span class='ocrx_word' id='word_1_88' title='bbox 388 1477 481 1541; x_wconf 87' lang='lat' dir='ltr'>illum</span> <span class='ocrx_word' id='word_1_89' title='bbox 510 1477 705 1562; x_wconf 87' lang='lat' dir='ltr'>spirabilem,</span> <span class='ocrx_word' id='word_1_90' title='bbox 733 1465 760 1541; x_wconf 89' lang='lat' dir='ltr'>si</span> <span class='ocrx_word' id='word_1_91' title='bbox 789 1478 862 1563; x_wconf 89' lang='lat' dir='ltr'>quis</span> <span class='ocrx_word' id='word_1_92' title='bbox 890 1487 1034 1562; x_wconf 84' lang='lat' dir='ltr'>quaerat,</span> <span class='ocrx_word' id='word_1_93' title='bbox 1063 1479 1150 1542; x_wconf 91' lang='lat' dir='ltr'>unde</span> <span class='ocrx_word' id='word_1_94' title='bbox 1184 1478 1423 1556; x_wconf 88' lang='lat' dir='ltr'>habeamus,10</span> 
     </span>
    </p>

    <p class='ocr_par' dir='ltr' id='par_1_11' title="bbox 158 1577 1576 3409">
     <span class='ocr_line' id='line_1_12' title="bbox 214 1577 1576 1680; baseline -0.001 -36"><span class='ocrx_word' id='word_1_95' title='bbox 214 1588 357 1664; x_wconf 85' lang='lat' dir='ltr'>apparet,</span> <span class='ocrx_word' id='word_1_96' title='bbox 376 1579 462 1664; x_wconf 94' lang='lat' dir='ltr'>quod</span> <span class='ocrx_word' id='word_1_97' title='bbox 483 1579 572 1643; x_wconf 89' lang='lat' dir='ltr'>aliud</span> <span class='ocrx_word' id='word_1_98' title='bbox 595 1601 615 1642; x_wconf 89' lang='lat' dir='ltr'>a</span> <span class='ocrx_word' id='word_1_99' title='bbox 637 1587 724 1643; x_wconf 89' lang='lat' dir='ltr'>terra</span> <span class='ocrx_word' id='word_1_100' title='bbox 746 1578 951 1664; x_wconf 90' lang='lat' dir='ltr'>sumpsimus,</span> <span class='ocrx_word' id='word_1_101' title='bbox 968 1580 1057 1644; x_wconf 88' lang='lat' dir='ltr'>aliud</span> <span class='ocrx_word' id='word_1_102' title='bbox 1079 1581 1121 1645; x_wconf 88' lang='lat' dir='ltr'>ab</span> <span class='ocrx_word' id='word_1_103' title='bbox 1144 1603 1264 1656; x_wconf 91' lang='lat' dir='ltr'>umore,</span> <span class='ocrx_word' id='word_1_104' title='bbox 1281 1577 1370 1642; x_wconf 90' lang='lat' dir='ltr'>aliud</span> <span class='ocrx_word' id='word_1_105' title='bbox 1564 1639 1576 1680; x_wconf 50' lang='lat'>4</span> 
     </span>
     <span class='ocr_line' id='line_1_13' title="bbox 214 1680 1370 1766; baseline 0.002 -21"><span class='ocrx_word' id='word_1_106' title='bbox 214 1682 256 1746; x_wconf 89' lang='lat' dir='ltr'>ab</span> <span class='ocrx_word' id='word_1_107' title='bbox 279 1681 355 1766; x_wconf 86' lang='lat' dir='ltr'>igni,</span> <span class='ocrx_word' id='word_1_108' title='bbox 371 1681 460 1745; x_wconf 90' lang='lat' dir='ltr'>aliud</span> <span class='ocrx_word' id='word_1_109' title='bbox 479 1680 521 1745; x_wconf 87' lang='lat' dir='ltr'>ab</span> <span class='ocrx_word' id='word_1_110' title='bbox 544 1687 617 1745; x_wconf 62' lang='lat' dir='ltr'>aare</span> <span class='ocrx_word' id='word_1_111' title='bbox 640 1702 689 1758; x_wconf 81' lang='lat' dir='ltr'>eo,</span> <span class='ocrx_word' id='word_1_112' title='bbox 702 1703 800 1765; x_wconf 90' lang='lat' dir='ltr'>quem</span> <span class='ocrx_word' id='word_1_113' title='bbox 821 1681 942 1766; x_wconf 81' lang='lat' dir='ltr'>spiritu</span> <span class='ocrx_word' id='word_1_114' title='bbox 964 1682 1116 1749; x_wconf 71' lang='lat' dir='ltr'>ducimus.</span> <span class='ocrx_word' id='word_1_115' title='bbox 1161 1682 1237 1748; x_wconf 84' lang='lat' dir='ltr'><strong>VII.</strong></span> <span class='ocrx_word' id='word_1_116' title='bbox 1282 1683 1370 1747; x_wconf 92' lang='lat' dir='ltr'>Illud</span> 
     </span>
     <span class='ocr_line' id='line_1_14' title="bbox 214 1785 1370 1872; baseline 0.003 -24"><span class='ocrx_word' id='word_1_117' title='bbox 214 1793 334 1863; x_wconf 86' lang='lat' dir='ltr'>autem,</span> <span class='ocrx_word' id='word_1_118' title='bbox 360 1785 445 1870; x_wconf 88' lang='lat' dir='ltr'>quod</span> <span class='ocrx_word' id='word_1_119' title='bbox 474 1785 577 1850; x_wconf 88' lang='lat' dir='ltr'>vincit</span> <span class='ocrx_word' id='word_1_120' title='bbox 605 1785 685 1850; x_wconf 88' lang='lat' dir='ltr'>hacc</span> <span class='ocrx_word' id='word_1_121' title='bbox 711 1786 827 1863; x_wconf 87' lang='lat' dir='ltr'>omnia,</span> <span class='ocrx_word' id='word_1_122' title='bbox 854 1786 1013 1850; x_wconf 88' lang='lat' dir='ltr'>rationem</span> <span class='ocrx_word' id='word_1_123' title='bbox 1039 1786 1110 1850; x_wconf 93' lang='lat' dir='ltr'>dico</span> <span class='ocrx_word' id='word_1_124' title='bbox 1137 1794 1180 1866; x_wconf 87' lang='lat' dir='ltr'>et,</span> <span class='ocrx_word' id='word_1_125' title='bbox 1206 1789 1233 1851; x_wconf 89' lang='lat' dir='ltr'>si</span> <span class='ocrx_word' id='word_1_126' title='bbox 1262 1788 1370 1872; x_wconf 84' lang='lat' dir='ltr'>placet</span> 
     </span>
     <span class='ocr_line' id='line_1_15' title="bbox 214 1886 1370 1976; baseline 0.002 -25"><span class='ocrx_word' id='word_1_127' title='bbox 214 1886 361 1972; x_wconf 92' lang='lat' dir='ltr'>pluribus</span> <span class='ocrx_word' id='word_1_128' title='bbox 384 1886 498 1964; x_wconf 91' lang='lat' dir='ltr'>verbis,</span> <span class='ocrx_word' id='word_1_129' title='bbox 516 1895 670 1965; x_wconf 86' lang='lat' dir='ltr'>mentem,</span> <span class='ocrx_word' id='word_1_130' title='bbox 694 1888 870 1964; x_wconf 89' lang='lat' dir='ltr'>eonsilium,</span> <span class='ocrx_word' id='word_1_131' title='bbox 896 1890 1134 1974; x_wconf 84' lang='lat' dir='ltr'>cogitationem,</span> <span class='ocrx_word' id='word_1_132' title='bbox 1154 1890 1370 1976; x_wconf 88' lang='lat' dir='ltr'>prudentiam,</span> 
     </span>
     <span class='ocr_line' id='line_1_16' title="bbox 213 1976 1420 2072; baseline -0.001 -18"><span class='ocrx_word' id='word_1_133' title='bbox 213 1991 271 2055; x_wconf 90' lang='lat' dir='ltr'>ubi</span> <span class='ocrx_word' id='word_1_134' title='bbox 290 1976 490 2055; x_wconf 71' lang='lat' dir='ltr'>invenimus?</span> <span class='ocrx_word' id='word_1_135' title='bbox 513 1990 600 2054; x_wconf 90' lang='lat' dir='ltr'>unde</span> <span class='ocrx_word' id='word_1_136' title='bbox 621 1990 828 2054; x_wconf 70' lang='lat' dir='ltr'>sustulimus?</span> <span class='ocrx_word' id='word_1_137' title='bbox 873 1993 928 2056; x_wconf 89' lang='lat' dir='ltr'>An</span> <span class='ocrx_word' id='word_1_138' title='bbox 947 2001 1055 2056; x_wconf 87' lang='lat' dir='ltr'>cetera</span> <span class='ocrx_word' id='word_1_139' title='bbox 1074 1993 1215 2057; x_wconf 91' lang='lat' dir='ltr'>mundus</span> <span class='ocrx_word' id='word_1_140' title='bbox 1235 1992 1369 2057; x_wconf 90' lang='lat' dir='ltr'>habebit</span> <span class='ocrx_word' id='word_1_141' title='bbox 1386 2012 1420 2072; x_wconf 84' lang='lat'>15</span> 
     </span>
     <span class='ocr_line' id='line_1_17' title="bbox 212 2096 1369 2182; baseline -0.001 -20"><span class='ocrx_word' id='word_1_142' title='bbox 212 2097 330 2174; x_wconf 88' lang='lat' dir='ltr'>omnia,</span> <span class='ocrx_word' id='word_1_143' title='bbox 344 2097 404 2160; x_wconf 91' lang='lat' dir='ltr'>hoc</span> <span class='ocrx_word' id='word_1_144' title='bbox 424 2118 535 2174; x_wconf 89' lang='lat' dir='ltr'>unum,</span> <span class='ocrx_word' id='word_1_145' title='bbox 551 2096 637 2181; x_wconf 91' lang='lat' dir='ltr'>quod</span> <span class='ocrx_word' id='word_1_146' title='bbox 652 2096 785 2180; x_wconf 88' lang='lat' dir='ltr'>plurimi</span> <span class='ocrx_word' id='word_1_147' title='bbox 803 2105 859 2173; x_wconf 90' lang='lat' dir='ltr'>est,</span> <span class='ocrx_word' id='word_1_148' title='bbox 876 2118 940 2160; x_wconf 89' lang='lat' dir='ltr'>non</span> <span class='ocrx_word' id='word_1_149' title='bbox 955 2096 1112 2162; x_wconf 80' lang='lat' dir='ltr'>habebitl</span> <span class='ocrx_word' id='word_1_150' title='bbox 1158 2098 1264 2182; x_wconf 90' lang='lat' dir='ltr'>Atqui</span> <span class='ocrx_word' id='word_1_151' title='bbox 1283 2105 1369 2161; x_wconf 83' lang='lat' dir='ltr'>certe</span> 
     </span>
     <span class='ocr_line' id='line_1_18' title="bbox 212 2197 1369 2285; baseline 0.003 -22"><span class='ocrx_word' id='word_1_152' title='bbox 212 2200 296 2264; x_wconf 93' lang='lat' dir='ltr'>nihil</span> <span class='ocrx_word' id='word_1_153' title='bbox 325 2199 471 2263; x_wconf 90' lang='lat' dir='ltr'>omnium</span> <span class='ocrx_word' id='word_1_154' title='bbox 501 2221 609 2262; x_wconf 86' lang='lat' dir='ltr'>rerum</span> <span class='ocrx_word' id='word_1_155' title='bbox 638 2197 754 2262; x_wconf 89' lang='lat' dir='ltr'>melius</span> <span class='ocrx_word' id='word_1_156' title='bbox 784 2208 833 2264; x_wconf 88' lang='lat' dir='ltr'>est</span> <span class='ocrx_word' id='word_1_157' title='bbox 862 2200 993 2277; x_wconf 85' lang='lat' dir='ltr'>mundo,</span> <span class='ocrx_word' id='word_1_158' title='bbox 1023 2200 1106 2265; x_wconf 90' lang='lat' dir='ltr'>nihil</span> <span class='ocrx_word' id='word_1_159' title='bbox 1135 2203 1369 2285; x_wconf 86' lang='lat' dir='ltr'>praestabilius,</span> 
     </span>
     <span class='ocr_line' id='line_1_19' title="bbox 212 2289 1369 2390; baseline 0.001 -21"><span class='ocrx_word' id='word_1_160' title='bbox 212 2305 295 2369; x_wconf 91' lang='lat' dir='ltr'>nihil</span> <span class='ocrx_word' id='word_1_161' title='bbox 319 2303 494 2390; x_wconf 84' lang='lat' dir='ltr'>pulchrius,</span> <span class='ocrx_word' id='word_1_162' title='bbox 520 2324 579 2366; x_wconf 92' lang='lat' dir='ltr'>nec</span> <span class='ocrx_word' id='word_1_163' title='bbox 605 2293 709 2366; x_wconf 88' lang='lat' dir='ltr'>solum</span> <span class='ocrx_word' id='word_1_164' title='bbox 732 2303 815 2367; x_wconf 90' lang='lat' dir='ltr'>nihil</span> <span class='ocrx_word' id='word_1_165' title='bbox 841 2312 899 2382; x_wconf 90' lang='lat' dir='ltr'>est,</span> <span class='ocrx_word' id='word_1_166' title='bbox 926 2304 983 2368; x_wconf 91' lang='lat' dir='ltr'>sed</span> <span class='ocrx_word' id='word_1_167' title='bbox 1009 2327 1051 2368; x_wconf 92' lang='lat' dir='ltr'>ne</span> <span class='ocrx_word' id='word_1_168' title='bbox 1077 2289 1211 2388; x_wconf 79' lang='lat' dir='ltr'>cogitari</span> <span class='ocrx_word' id='word_1_169' title='bbox 1238 2306 1369 2390; x_wconf 90' lang='lat' dir='ltr'>quidem</span> 
     </span>
     <span class='ocr_line' id='line_1_20' title="bbox 213 2405 1369 2493; baseline 0.002 -23"><span class='ocrx_word' id='word_1_170' title='bbox 213 2408 387 2493; x_wconf 88' lang='lat' dir='ltr'>quiequam</span> <span class='ocrx_word' id='word_1_171' title='bbox 404 2405 521 2470; x_wconf 90' lang='lat' dir='ltr'>melius</span> <span class='ocrx_word' id='word_1_172' title='bbox 541 2413 658 2491; x_wconf 75' lang='lat' dir='ltr'>potest</span> <span class='ocrx_word' id='word_1_173' title='bbox 703 2405 747 2470; x_wconf 89' lang='lat' dir='ltr'>Et</span> <span class='ocrx_word' id='word_1_174' title='bbox 770 2406 796 2469; x_wconf 90' lang='lat' dir='ltr'>si</span> <span class='ocrx_word' id='word_1_175' title='bbox 819 2406 943 2470; x_wconf 81' lang='lat' dir='ltr'>ratione</span> <span class='ocrx_word' id='word_1_176' title='bbox 969 2415 1004 2471; x_wconf 89' lang='lat' dir='ltr'>et</span> <span class='ocrx_word' id='word_1_177' title='bbox 1029 2408 1188 2492; x_wconf 86' lang='lat' dir='ltr'>sapientia</span> <span class='ocrx_word' id='word_1_178' title='bbox 1213 2409 1296 2472; x_wconf 93' lang='lat' dir='ltr'>nihil</span> <span class='ocrx_word' id='word_1_179' title='bbox 1319 2417 1369 2472; x_wconf 91' lang='lat' dir='ltr'>est</span> 
     </span>
     <span class='ocr_line' id='line_1_21' title="bbox 212 2509 1421 2596; baseline -0.002 -20"><span class='ocrx_word' id='word_1_180' title='bbox 212 2513 480 2588; x_wconf 62' lang='lat' dir='ltr'>malesuasae</span> <span class='ocrx_word' id='word_1_181' title='bbox 503 2518 553 2574; x_wconf 89' lang='lat' dir='ltr'>est</span> <span class='ocrx_word' id='word_1_182' title='bbox 574 2511 654 2574; x_wconf 89' lang='lat' dir='ltr'>haec</span> <span class='ocrx_word' id='word_1_183' title='bbox 674 2510 778 2574; x_wconf 90' lang='lat' dir='ltr'>inesse</span> <span class='ocrx_word' id='word_1_184' title='bbox 796 2509 832 2572; x_wconf 90' lang='lat' dir='ltr'>in</span> <span class='ocrx_word' id='word_1_185' title='bbox 852 2532 898 2586; x_wconf 86' lang='lat' dir='ltr'>oo,</span> <span class='ocrx_word' id='word_1_186' title='bbox 913 2511 999 2595; x_wconf 94' lang='lat' dir='ltr'>quod</span> <span class='ocrx_word' id='word_1_187' title='bbox 1022 2511 1180 2596; x_wconf 89' lang='lat' dir='ltr'>optimum</span> <span class='ocrx_word' id='word_1_188' title='bbox 1205 2534 1273 2576; x_wconf 91' lang='lat' dir='ltr'>esse</span> <span class='ocrx_word' id='word_1_189' title='bbox 1295 2534 1368 2576; x_wconf 91' lang='lat' dir='ltr'>con·</span> <span class='ocrx_word' id='word_1_190' title='bbox 1383 2532 1421 2573; x_wconf 92' lang='lat'>20</span> 
     </span>
     <span class='ocr_line' id='line_1_22' title="bbox 161 2614 1369 2701; baseline -0.004 -17"><span class='ocrx_word' id='word_1_191' title='bbox 161 2628 198 2685; x_wconf 90' lang='grc'>19</span> <span class='ocrx_word' id='word_1_192' title='bbox 213 2618 365 2682; x_wconf 78' lang='lat' dir='ltr'>cedimus</span> <span class='ocrx_word' id='word_1_193' title='bbox 410 2614 497 2695; x_wconf 81' lang='lat' dir='ltr'>Quid</span> <span class='ocrx_word' id='word_1_194' title='bbox 515 2618 608 2678; x_wconf 78' lang='lat' dir='ltr'>verol</span> <span class='ocrx_word' id='word_1_195' title='bbox 626 2623 719 2678; x_wconf 89' lang='lat' dir='ltr'>tanta</span> <span class='ocrx_word' id='word_1_196' title='bbox 733 2636 841 2701; x_wconf 90' lang='lat' dir='ltr'>rerum</span> <span class='ocrx_word' id='word_1_197' title='bbox 861 2614 1072 2690; x_wconf 87' lang='lat' dir='ltr'>consentiens,</span> <span class='ocrx_word' id='word_1_198' title='bbox 1089 2615 1280 2698; x_wconf 88' lang='lat' dir='ltr'>conspirans,</span> <span class='ocrx_word' id='word_1_199' title='bbox 1296 2638 1369 2680; x_wconf 91' lang='lat' dir='ltr'>con-</span> 
     </span>
     <span class='ocr_line' id='line_1_23' title="bbox 212 2717 1367 2804; baseline -0.003 -19"><span class='ocrx_word' id='word_1_200' title='bbox 212 2722 341 2785; x_wconf 86' lang='lat' dir='ltr'>tinuata</span> <span class='ocrx_word' id='word_1_201' title='bbox 370 2718 516 2804; x_wconf 79' lang='lat' dir='ltr'>cognatio</span> <span class='ocrx_word' id='word_1_202' title='bbox 546 2740 643 2802; x_wconf 92' lang='lat' dir='ltr'>quem</span> <span class='ocrx_word' id='word_1_203' title='bbox 672 2740 737 2782; x_wconf 93' lang='lat' dir='ltr'>non</span> <span class='ocrx_word' id='word_1_204' title='bbox 766 2726 858 2802; x_wconf 90' lang='lat' dir='ltr'>coget</span> <span class='ocrx_word' id='word_1_205' title='bbox 890 2739 936 2794; x_wconf 91' lang='lat' dir='ltr'>ea,</span> <span class='ocrx_word' id='word_1_206' title='bbox 967 2739 1049 2802; x_wconf 90' lang='lat' dir='ltr'>quae</span> <span class='ocrx_word' id='word_1_207' title='bbox 1079 2717 1232 2782; x_wconf 87' lang='lat' dir='ltr'>dicuntur</span> <span class='ocrx_word' id='word_1_208' title='bbox 1256 2741 1276 2781; x_wconf 89' lang='lat' dir='ltr'>a</span> <span class='ocrx_word' id='word_1_209' title='bbox 1305 2741 1367 2798; x_wconf 92' lang='lat' dir='ltr'>me,</span> 
     </span>
     <span class='ocr_line' id='line_1_24' title="bbox 213 2823 1368 2909; baseline -0.002 -19"><span class='ocrx_word' id='word_1_210' title='bbox 213 2824 440 2909; x_wconf 74' lang='lat' dir='ltr'>comprobare?</span> <span class='ocrx_word' id='word_1_211' title='bbox 493 2823 649 2886; x_wconf 87' lang='lat' dir='ltr'>Possetne</span> <span class='ocrx_word' id='word_1_212' title='bbox 686 2845 751 2886; x_wconf 90' lang='lat' dir='ltr'>uno</span> <span class='ocrx_word' id='word_1_213' title='bbox 788 2832 934 2907; x_wconf 90' lang='lat' dir='ltr'>tempore</span> <span class='ocrx_word' id='word_1_214' title='bbox 969 2823 1089 2900; x_wconf 80' lang='lat' dir='ltr'>florere,</span> <span class='ocrx_word' id='word_1_215' title='bbox 1119 2823 1195 2886; x_wconf 91' lang='lat' dir='ltr'>dein</span> <span class='ocrx_word' id='word_1_216' title='bbox 1228 2823 1368 2888; x_wconf 90' lang='lat' dir='ltr'>vicissim</span> 
     </span>
     <span class='ocr_line' id='line_1_25' title="bbox 214 2915 1369 3010; baseline 0 -18"><span class='ocrx_word' id='word_1_217' title='bbox 214 2930 342 2992; x_wconf 88' lang='lat' dir='ltr'>horrere</span> <span class='ocrx_word' id='word_1_218' title='bbox 357 2929 459 2990; x_wconf 70' lang='lat' dir='ltr'>terrai</span> <span class='ocrx_word' id='word_1_219' title='bbox 482 2934 541 2990; x_wconf 89' lang='lat' dir='ltr'>aut</span> <span class='ocrx_word' id='word_1_220' title='bbox 555 2932 604 2988; x_wconf 92' lang='lat' dir='ltr'>tot</span> <span class='ocrx_word' id='word_1_221' title='bbox 620 2925 715 2990; x_wconf 90' lang='lat' dir='ltr'>rebus</span> <span class='ocrx_word' id='word_1_222' title='bbox 730 2915 855 3010; x_wconf 60' lang='lat' dir='ltr'>ipsis&#39;se</span> <span class='ocrx_word' id='word_1_223' title='bbox 871 2926 1121 2990; x_wconf 90' lang='lat' dir='ltr'>immutantibus</span> <span class='ocrx_word' id='word_1_224' title='bbox 1136 2926 1210 2990; x_wconf 90' lang='lat' dir='ltr'>solis</span> <span class='ocrx_word' id='word_1_225' title='bbox 1225 2949 1369 2992; x_wconf 88' lang='lat' dir='ltr'>accessus</span> 
     </span>
     <span class='ocr_line' id='line_1_26' title="bbox 214 3031 1419 3117; baseline -0.004 -19"><span class='ocrx_word' id='word_1_226' title='bbox 214 3035 434 3117; x_wconf 83' lang='lat' dir='ltr'>discessusque</span> <span class='ocrx_word' id='word_1_227' title='bbox 458 3031 603 3096; x_wconf 89' lang='lat' dir='ltr'>solstitiis</span> <span class='ocrx_word' id='word_1_228' title='bbox 632 3031 819 3116; x_wconf 86' lang='lat' dir='ltr'>brumisque</span> <span class='ocrx_word' id='word_1_229' title='bbox 849 3031 1017 3115; x_wconf 72' lang='lat' dir='ltr'>cognoscit</span> <span class='ocrx_word' id='word_1_230' title='bbox 1051 3040 1109 3095; x_wconf 88' lang='lat' dir='ltr'>aut</span> <span class='ocrx_word' id='word_1_231' title='bbox 1138 3040 1246 3095; x_wconf 88' lang='lat' dir='ltr'>aestus</span> <span class='ocrx_word' id='word_1_232' title='bbox 1274 3033 1369 3095; x_wconf 88' lang='lat' dir='ltr'>mari·</span> <span class='ocrx_word' id='word_1_233' title='bbox 1384 3049 1419 3108; x_wconf 84' lang='lat'>25</span> 
     </span>
     <span class='ocr_line' id='line_1_27' title="bbox 214 3121 1370 3219; baseline 0 -19"><span class='ocrx_word' id='word_1_234' title='bbox 214 3137 287 3200; x_wconf 88' lang='lat' dir='ltr'>timi</span> <span class='ocrx_word' id='word_1_235' title='bbox 307 3136 527 3219; x_wconf 89' lang='lat' dir='ltr'>fretorumque</span> <span class='ocrx_word' id='word_1_236' title='bbox 550 3134 718 3219; x_wconf 86' lang='lat' dir='ltr'>angustiae</span> <span class='ocrx_word' id='word_1_237' title='bbox 742 3143 814 3198; x_wconf 86' lang='lat' dir='ltr'>ortu</span> <span class='ocrx_word' id='word_1_238' title='bbox 838 3144 896 3198; x_wconf 90' lang='lat' dir='ltr'>aut</span> <span class='ocrx_word' id='word_1_239' title='bbox 918 3134 1007 3198; x_wconf 90' lang='lat' dir='ltr'>obitu</span> <span class='ocrx_word' id='word_1_240' title='bbox 1033 3133 1130 3198; x_wconf 88' lang='lat' dir='ltr'>lunae</span> <span class='ocrx_word' id='word_1_241' title='bbox 1155 3121 1370 3200; x_wconf 71' lang='lat' dir='ltr'>commoveri?</span> 
     </span>
     <span class='ocr_line' id='line_1_28' title="bbox 158 3238 1408 3324; baseline -0.001 -19"><span class='ocrx_word' id='word_1_242' title='bbox 158 3269 162 3279; x_wconf 92' lang='lat'><strong>·</strong></span> <span class='ocrx_word' id='word_1_243' title='bbox 214 3251 271 3306; x_wconf 87' lang='lat' dir='ltr'>aut</span> <span class='ocrx_word' id='word_1_244' title='bbox 291 3263 357 3305; x_wconf 89' lang='lat' dir='ltr'>una</span> <span class='ocrx_word' id='word_1_245' title='bbox 374 3239 475 3303; x_wconf 89' lang='lat' dir='ltr'>totius</span> <span class='ocrx_word' id='word_1_246' title='bbox 495 3238 575 3302; x_wconf 83' lang='lat' dir='ltr'>caeli</span> <span class='ocrx_word' id='word_1_247' title='bbox 597 3240 800 3303; x_wconf 88' lang='lat' dir='ltr'>conversione</span> <span class='ocrx_word' id='word_1_248' title='bbox 823 3245 933 3302; x_wconf 89' lang='lat' dir='ltr'>cursus</span> <span class='ocrx_word' id='word_1_249' title='bbox 951 3248 1110 3304; x_wconf 88' lang='lat' dir='ltr'>astrorum</span> <span class='ocrx_word' id='word_1_250' title='bbox 1133 3239 1275 3324; x_wconf 87' lang='lat' dir='ltr'>dispares</span> <span class='ocrx_word' id='word_1_251' title='bbox 1296 3261 1370 3304; x_wconf 87' lang='lat' dir='ltr'>con·</span> <span class='ocrx_word' id='word_1_252' title='bbox 1401 3243 1408 3256; x_wconf 85' lang='lat'>’</span> 
     </span>
     <span class='ocr_line' id='line_1_29' title="bbox 166 3340 1371 3409; baseline -0.002 -1"><span class='ocrx_word' id='word_1_253' title='bbox 166 3343 169 3349; x_wconf 77' lang='grc'><strong><em>’</em></strong></span> <span class='ocrx_word' id='word_1_254' title='bbox 215 3341 355 3409; x_wconf 73' lang='lat' dir='ltr'>servarit</span> <span class='ocrx_word' id='word_1_255' title='bbox 401 3341 492 3405; x_wconf 90' lang='lat' dir='ltr'>Haec</span> <span class='ocrx_word' id='word_1_256' title='bbox 514 3341 561 3404; x_wconf 85' lang='lat' dir='ltr'>ita</span> <span class='ocrx_word' id='word_1_257' title='bbox 583 3340 654 3404; x_wconf 87' lang='lat' dir='ltr'>fieri</span> <span class='ocrx_word' id='word_1_258' title='bbox 676 3340 825 3404; x_wconf 91' lang='lat' dir='ltr'>omnibus</span> <span class='ocrx_word' id='word_1_259' title='bbox 848 3340 933 3404; x_wconf 89' lang='lat' dir='ltr'>inter</span> <span class='ocrx_word' id='word_1_260' title='bbox 949 3361 982 3404; x_wconf 90' lang='lat' dir='ltr'>se</span> <span class='ocrx_word' id='word_1_261' title='bbox 998 3341 1241 3404; x_wconf 87' lang='lat' dir='ltr'>concinentibus</span> <span class='ocrx_word' id='word_1_262' title='bbox 1255 3342 1371 3406; x_wconf 90' lang='lat' dir='ltr'>mundi</span> 
     </span>
    </p>
   </div>
   <div class='ocr_carea' id='block_1_3' title="bbox 130 3437 1370 3534">
    <p class='ocr_par' dir='ltr' id='par_1_12' title="bbox 130 3437 1370 3534">
     <span class='ocr_line' id='line_1_30' title="bbox 130 3437 1370 3534; baseline -0.002 -22"><span class='ocrx_word' id='word_1_263' title='bbox 130 3437 131 3440; x_wconf 22' lang='lat'>¹</span> <span class='ocrx_word' id='word_1_264' title='bbox 214 3447 361 3534; x_wconf 87' lang='lat' dir='ltr'>partibus</span> <span class='ocrx_word' id='word_1_265' title='bbox 375 3444 516 3530; x_wconf 88' lang='lat' dir='ltr'>profecto</span> <span class='ocrx_word' id='word_1_266' title='bbox 532 3468 596 3510; x_wconf 91' lang='lat' dir='ltr'>non</span> <span class='ocrx_word' id='word_1_267' title='bbox 611 3452 749 3529; x_wconf 90' lang='lat' dir='ltr'>possent,</span> <span class='ocrx_word' id='word_1_268' title='bbox 764 3444 827 3508; x_wconf 91' lang='lat' dir='ltr'>nisi</span> <span class='ocrx_word' id='word_1_269' title='bbox 847 3466 885 3508; x_wconf 86' lang='lat' dir='ltr'>ea</span> <span class='ocrx_word' id='word_1_270' title='bbox 905 3466 970 3508; x_wconf 91' lang='lat' dir='ltr'>uno</span> <span class='ocrx_word' id='word_1_271' title='bbox 993 3443 1103 3508; x_wconf 93' lang='lat' dir='ltr'>divino</span> <span class='ocrx_word' id='word_1_272' title='bbox 1125 3453 1160 3508; x_wconf 91' lang='lat' dir='ltr'>et</span> <span class='ocrx_word' id='word_1_273' title='bbox 1182 3446 1370 3510; x_wconf 88' lang='lat' dir='ltr'>continuato</span> 
     </span>
    </p>
   </div>
   <div class='ocr_carea' id='block_1_4' title="bbox 120 3614 1371 4416">
    <p class='ocr_par' dir='ltr' id='par_1_13' title="bbox 140 3614 1371 4333">
     <span class='ocr_line' id='line_1_31' title="bbox 262 3614 1369 3682; baseline 0.002 -15"><span class='ocrx_word' id='word_1_274' title='bbox 262 3620 437 3682; x_wconf 68' lang='lat' dir='ltr'>tpleoiorem,</span> <span class='ocrx_word' id='word_1_275' title='bbox 452 3618 611 3681; x_wconf 68' lang='lat' dir='ltr'>pinguiorem</span> <span class='ocrx_word' id='word_1_276' title='bbox 629 3616 709 3666; x_wconf 83' lang='lat' dir='ltr'>Cobet</span> <span class='ocrx_word' id='word_1_277' title='bbox 729 3617 758 3668; x_wconf 87' lang='lat' dir='ltr'>V.</span> <span class='ocrx_word' id='word_1_278' title='bbox 772 3617 803 3665; x_wconf 88' lang='lat' dir='ltr'>L.</span> <span class='ocrx_word' id='word_1_279' title='bbox 822 3630 848 3678; x_wconf 91' lang='lat' dir='ltr'>p.</span> <span class='ocrx_word' id='word_1_280' title='bbox 867 3615 923 3664; x_wconf 80' lang='lat'><strong>462.</strong></span> <span class='ocrx_word' id='word_1_281' title='bbox 1037 3614 1369 3680; x_wconf 72' lang='lat' dir='ltr'>rarnrA²132[cqu]nn‚</span> 
     </span>
     <span class='ocr_line' id='line_1_32' title="bbox 213 3696 1370 3763; baseline -0.005 -7"><span class='ocrx_word' id='word_1_282' title='bbox 213 3712 272 3756; x_wconf 83' lang='lat' dir='ltr'>sunt</span> <span class='ocrx_word' id='word_1_283' title='bbox 291 3702 423 3753; x_wconf 75' lang='lat' dir='ltr'>AlBlmT.</span> <span class='ocrx_word' id='word_1_284' title='bbox 522 3703 537 3751; x_wconf 81' lang='lat'>5</span> <span class='ocrx_word' id='word_1_285' title='bbox 554 3703 669 3763; x_wconf 76' lang='lat' dir='ltr'>aliquam</span> <span class='ocrx_word' id='word_1_286' title='bbox 684 3701 771 3749; x_wconf 79' lang='lat' dir='ltr'>mundi</span> <span class='ocrx_word' id='word_1_287' title='bbox 788 3698 837 3748; x_wconf 82' lang='lat' dir='ltr'>Ed.</span> <span class='ocrx_word' id='word_1_288' title='bbox 855 3712 897 3747; x_wconf 85' lang='lat' dir='ltr'>see</span> <span class='ocrx_word' id='word_1_289' title='bbox 914 3696 1023 3756; x_wconf 77' lang='lat' dir='ltr'>Comm,</span> <span class='ocrx_word' id='word_1_290' title='bbox 1038 3699 1152 3761; x_wconf 77' lang='lat' dir='ltr'>aliquam</span> <span class='ocrx_word' id='word_1_291' title='bbox 1168 3714 1218 3748; x_wconf 85' lang='lat' dir='ltr'>uss</span> <span class='ocrx_word' id='word_1_292' title='bbox 1235 3699 1288 3749; x_wconf 89' lang='lat' dir='ltr'>and</span> <span class='ocrx_word' id='word_1_293' title='bbox 1304 3700 1370 3759; x_wconf 77' lang='lat' dir='ltr'>edd,</span> 
     </span>
     <span class='ocr_line' id='line_1_33' title="bbox 213 3778 1371 3847; baseline -0.004 -12"><span class='ocrx_word' id='word_1_294' title='bbox 213 3788 293 3835; x_wconf 84' lang='lat' dir='ltr'>oliam</span> <span class='ocrx_word' id='word_1_295' title='bbox 306 3799 381 3847; x_wconf 81' lang='lat' dir='ltr'>qaam</span> <span class='ocrx_word' id='word_1_296' title='bbox 391 3781 460 3844; x_wconf 85' lang='lat' dir='ltr'>conj.</span> <span class='ocrx_word' id='word_1_297' title='bbox 473 3779 531 3832; x_wconf 79' lang='lat' dir='ltr'>soh.</span> <span class='ocrx_word' id='word_1_298' title='bbox 631 3782 647 3830; x_wconf 90' lang='grc'><strong>9</strong></span> <span class='ocrx_word' id='word_1_299' title='bbox 664 3780 879 3830; x_wconf 75' lang='lat' dir='ltr'>animm-illam</span> <span class='ocrx_word' id='word_1_300' title='bbox 895 3778 1006 3840; x_wconf 86' lang='lat' dir='ltr'>Brieger‚</span> <span class='ocrx_word' id='word_1_301' title='bbox 1018 3779 1234 3828; x_wconf 74' lang='lat' dir='ltr'>animum-illam</span> <span class='ocrx_word' id='word_1_302' title='bbox 1250 3794 1301 3828; x_wconf 83' lang='lat' dir='ltr'>mss</span> <span class='ocrx_word' id='word_1_303' title='bbox 1318 3781 1371 3830; x_wconf 85' lang='lat' dir='ltr'>and</span> 
     </span>
     <span class='ocr_line' id='line_1_34' title="bbox 171 3860 1369 3923; baseline -0.003 -6"><span class='ocrx_word' id='word_1_304' title='bbox 171 3900 173 3905; x_wconf 68' lang='lat'>,</span> <span class='ocrx_word' id='word_1_305' title='bbox 213 3867 269 3918; x_wconf 89' lang='lat' dir='ltr'>edd.</span> <span class='ocrx_word' id='word_1_306' title='bbox 371 3866 403 3914; x_wconf 90' lang='grc'>10</span> <span class='ocrx_word' id='word_1_307' title='bbox 420 3866 551 3914; x_wconf 78' lang='lat' dir='ltr'>habeamur</span> <span class='ocrx_word' id='word_1_308' title='bbox 568 3862 600 3922; x_wconf 80' lang='lat' dir='ltr'>E,</span> <span class='ocrx_word' id='word_1_309' title='bbox 619 3864 734 3912; x_wconf 79' lang='lat' dir='ltr'>babemus</span> <span class='ocrx_word' id='word_1_310' title='bbox 751 3875 801 3911; x_wconf 81' lang='lat' dir='ltr'>nse</span> <span class='ocrx_word' id='word_1_311' title='bbox 817 3861 955 3922; x_wconf 83' lang='lat' dir='ltr'>generally.</span> <span class='ocrx_word' id='word_1_312' title='bbox 1058 3860 1089 3908; x_wconf 95' lang='grc'>11</span> <span class='ocrx_word' id='word_1_313' title='bbox 1106 3869 1211 3923; x_wconf 82' lang='lat' dir='ltr'>apparet</span> <span class='ocrx_word' id='word_1_314' title='bbox 1227 3861 1295 3911; x_wconf 71' lang='lat' dir='ltr'>B²v2</span> <span class='ocrx_word' id='word_1_315' title='bbox 1311 3862 1369 3914; x_wconf 86' lang='lat' dir='ltr'>Asc.</span> 
     </span>
     <span class='ocr_line' id='line_1_35' title="bbox 213 3938 1370 4006; baseline -0.003 -11"><span class='ocrx_word' id='word_1_316' title='bbox 213 3950 305 4005; x_wconf 74' lang='lat' dir='ltr'>mlo,</span> <span class='ocrx_word' id='word_1_317' title='bbox 326 3950 448 4006; x_wconf 80' lang='lat' dir='ltr'>appareat</span> <span class='ocrx_word' id='word_1_318' title='bbox 467 3942 616 3994; x_wconf 81' lang='lat' dir='ltr'><strong>AGEPB÷.</strong></span> <span class='ocrx_word' id='word_1_319' title='bbox 723 3941 753 3989; x_wconf 83' lang='lat'>12</span> <span class='ocrx_word' id='word_1_320' title='bbox 769 3942 864 4002; x_wconf 80' lang='lat' dir='ltr'>spiritu</span> <span class='ocrx_word' id='word_1_321' title='bbox 880 3938 946 4000; x_wconf 76' lang='lat' dir='ltr'>edd,</span> <span class='ocrx_word' id='word_1_322' title='bbox 966 3940 1085 4001; x_wconf 73' lang='lat' dir='ltr'>spiritum</span> <span class='ocrx_word' id='word_1_323' title='bbox 1102 3953 1159 3988; x_wconf 81' lang='lat' dir='ltr'>uss.</span> <span class='ocrx_word' id='word_1_324' title='bbox 1258 3943 1370 3991; x_wconf 81' lang='lat' dir='ltr'>ducimur</span> 
     </span>
     <span class='ocr_line' id='line_1_36' title="bbox 214 4019 1370 4089; baseline -0.005 -12"><span class='ocrx_word' id='word_1_325' title='bbox 214 4028 272 4089; x_wconf 79' lang='lat' dir='ltr'>Gn,</span> <span class='ocrx_word' id='word_1_326' title='bbox 286 4028 392 4075; x_wconf 79' lang='lat' dir='ltr'>dicimus</span> <span class='ocrx_word' id='word_1_327' title='bbox 409 4037 459 4074; x_wconf 82' lang='lat' dir='ltr'>mss</span> <span class='ocrx_word' id='word_1_328' title='bbox 475 4022 605 4085; x_wconf 81' lang='lat' dir='ltr'>generally</span> <span class='ocrx_word' id='word_1_329' title='bbox 615 4022 657 4084; x_wconf 82' lang='lat' dir='ltr'>(cf.</span> <span class='ocrx_word' id='word_1_330' title='bbox 672 4019 753 4070; x_wconf 85' lang='lat' dir='ltr'>below</span> <span class='ocrx_word' id='word_1_331' title='bbox 764 4025 777 4082; x_wconf 68' lang='grc' dir='ltr'><strong>ς</strong></span> <span class='ocrx_word' id='word_1_332' title='bbox 789 4021 841 4085; x_wconf 83' lang='grc'><strong>75).</strong></span> <span class='ocrx_word' id='word_1_333' title='bbox 940 4020 972 4069; x_wconf 89' lang='grc'>16</span> <span class='ocrx_word' id='word_1_334' title='bbox 984 4022 1092 4084; x_wconf 78' lang='lat' dir='ltr'>plurimi</span> <span class='ocrx_word' id='word_1_335' title='bbox 1104 4021 1158 4081; x_wconf 77' lang='lat' dir='ltr'>Gn,</span> <span class='ocrx_word' id='word_1_336' title='bbox 1168 4023 1308 4084; x_wconf 82' lang='lat' dir='ltr'>plurimam</span> <span class='ocrx_word' id='word_1_337' title='bbox 1321 4036 1370 4071; x_wconf 76' lang='lat' dir='ltr'>mss</span> 
     </span>
     <span class='ocr_line' id='line_1_37' title="bbox 213 4101 1367 4171; baseline -0.005 -13"><span class='ocrx_word' id='word_1_338' title='bbox 213 4107 350 4171; x_wconf 83' lang='lat' dir='ltr'>generally.</span> <span class='ocrx_word' id='word_1_339' title='bbox 449 4105 480 4153; x_wconf 85' lang='grc'>18</span> <span class='ocrx_word' id='word_1_340' title='bbox 496 4119 527 4152; x_wconf 81' lang='lat' dir='ltr'>ae</span> <span class='ocrx_word' id='word_1_341' title='bbox 542 4105 651 4164; x_wconf 71' lang='lat' dir='ltr'>cogitari</span> <span class='ocrx_word' id='word_1_342' title='bbox 662 4102 718 4152; x_wconf 77' lang='lat' dir='ltr'>M0¹</span> <span class='ocrx_word' id='word_1_343' title='bbox 730 4102 787 4152; x_wconf 78' lang='lat' dir='ltr'>Ori.</span> <span class='ocrx_word' id='word_1_344' title='bbox 801 4102 869 4162; x_wconf 74' lang='lat' dir='ltr'>Asc,</span> <span class='ocrx_word' id='word_1_345' title='bbox 883 4117 927 4152; x_wconf 82' lang='lat' dir='ltr'>nec</span> <span class='ocrx_word' id='word_1_346' title='bbox 939 4117 990 4164; x_wconf 75' lang='lat' dir='ltr'>cog.</span> <span class='ocrx_word' id='word_1_347' title='bbox 1005 4101 1136 4150; x_wconf 71' lang='lat' dir='ltr'><strong>A²B2OEB</strong></span> <span class='ocrx_word' id='word_1_348' title='bbox 1147 4101 1199 4150; x_wconf 89' lang='lat' dir='ltr'>and</span> <span class='ocrx_word' id='word_1_349' title='bbox 1213 4101 1251 4164; x_wconf 86' lang='lat' dir='ltr'>(in</span> <span class='ocrx_word' id='word_1_350' title='bbox 1262 4106 1324 4166; x_wconf 87' lang='lat' dir='ltr'>ras.)</span> <span class='ocrx_word' id='word_1_351' title='bbox 1336 4104 1367 4165; x_wconf 86' lang='lat' dir='ltr'>V,</span> 
     </span>
     <span class='ocr_line' id='line_1_38' title="bbox 140 4182 1370 4247; baseline -0.004 -8"><span class='ocrx_word' id='word_1_352' title='bbox 140 4197 145 4206; x_wconf 79' lang='lat'><em>&#39;</em></span> <span class='ocrx_word' id='word_1_353' title='bbox 212 4188 325 4239; x_wconf 73' lang='lat' dir='ltr'>necomri</span> <span class='ocrx_word' id='word_1_354' title='bbox 336 4185 378 4244; x_wconf 83' lang='lat'>131,</span> <span class='ocrx_word' id='word_1_355' title='bbox 389 4186 514 4245; x_wconf 71' lang='lat' dir='ltr'>negotiari</span> <span class='ocrx_word' id='word_1_356' title='bbox 528 4183 613 4241; x_wconf 83' lang='lat' dir='ltr'>A1Prr‚</span> <span class='ocrx_word' id='word_1_357' title='bbox 626 4183 658 4232; x_wconf 85' lang='lat' dir='ltr'>cf.</span> <span class='ocrx_word' id='word_1_358' title='bbox 671 4197 703 4232; x_wconf 92' lang='lat'>111</span> <span class='ocrx_word' id='word_1_359' title='bbox 718 4185 749 4232; x_wconf 83' lang='lat'>23</span> <span class='ocrx_word' id='word_1_360' title='bbox 763 4183 815 4232; x_wconf 86' lang='lat' dir='ltr'>and</span> <span class='ocrx_word' id='word_1_361' title='bbox 829 4182 912 4234; x_wconf 85' lang='lat' dir='ltr'>Madv.</span> <span class='ocrx_word' id='word_1_362' title='bbox 927 4185 986 4232; x_wconf 75' lang='lat' dir='ltr'>Fra.</span> <span class='ocrx_word' id='word_1_363' title='bbox 998 4197 1052 4233; x_wconf 87' lang='lat' dir='ltr'>oxo.</span> <span class='ocrx_word' id='word_1_364' title='bbox 1065 4185 1089 4232; x_wconf 85' lang='lat'>3.</span> <span class='ocrx_word' id='word_1_365' title='bbox 1188 4184 1219 4230; x_wconf 78' lang='lat'>22</span> <span class='ocrx_word' id='word_1_366' title='bbox 1237 4191 1305 4247; x_wconf 71' lang='lat' dir='ltr'>coget</span> <span class='ocrx_word' id='word_1_367' title='bbox 1321 4199 1370 4234; x_wconf 81' lang='lat' dir='ltr'>uss</span> 
     </span>
     <span class='ocr_line' id='line_1_39' title="bbox 213 4265 1370 4333; baseline -0.002 -14"><span class='ocrx_word' id='word_1_368' title='bbox 213 4269 353 4333; x_wconf 84' lang='lat' dir='ltr'>generally,</span> <span class='ocrx_word' id='word_1_369' title='bbox 367 4273 441 4328; x_wconf 72' lang='lat' dir='ltr'>cogat</span> <span class='ocrx_word' id='word_1_370' title='bbox 451 4266 525 4316; x_wconf 77' lang='lat' dir='ltr'><strong>A2B1.</strong></span> <span class='ocrx_word' id='word_1_371' title='bbox 630 4268 664 4314; x_wconf 78' lang='lat'>23</span> <span class='ocrx_word' id='word_1_372' title='bbox 679 4283 737 4328; x_wconf 83' lang='lat' dir='ltr'>uuo,</span> <span class='ocrx_word' id='word_1_373' title='bbox 751 4281 825 4316; x_wconf 72' lang='lat' dir='ltr'>verrio</span> <span class='ocrx_word' id='word_1_374' title='bbox 837 4266 903 4330; x_wconf 85' lang='lat' dir='ltr'>conj.</span> <span class='ocrx_word' id='word_1_375' title='bbox 917 4265 1002 4316; x_wconf 90' lang='lat' dir='ltr'>Bouh.</span> <span class='ocrx_word' id='word_1_376' title='bbox 1014 4266 1046 4315; x_wconf 86' lang='lat' dir='ltr'>cl.</span> <span class='ocrx_word' id='word_1_377' title='bbox 1061 4268 1132 4316; x_wconf 81' lang='lat' dir='ltr'>Taso.</span> <span class='ocrx_word' id='word_1_378' title='bbox 1144 4281 1161 4316; x_wconf 94' lang='lat' dir='ltr'>v</span> <span class='ocrx_word' id='word_1_379' title='bbox 1172 4267 1213 4316; x_wconf 79' lang='lat'>37.</span> <span class='ocrx_word' id='word_1_380' title='bbox 1311 4268 1370 4318; x_wconf 76' lang='lat' dir='ltr'>dein</span> 
     </span>
    </p>

    <p class='ocr_par' dir='ltr' id='par_1_14' title="bbox 120 4341 639 4416">
     <span class='ocr_line' id='line_1_40' title="bbox 120 4341 639 4416; baseline -0.01 -15"><span class='ocrx_word' id='word_1_381' title='bbox 120 4405 123 4409; x_wconf 61' lang='grc'><strong>,</strong></span> <span class='ocrx_word' id='word_1_382' title='bbox 214 4350 392 4416; x_wconf 74' lang='lat' dir='ltr'>[ABcPVJnc</span> <span class='ocrx_word' id='word_1_383' title='bbox 404 4349 492 4398; x_wconf 54' lang='lat' dir='ltr'>windo</span> <span class='ocrx_word' id='word_1_384' title='bbox 504 4349 526 4397; x_wconf 84' lang='grc' dir='ltr'>Ε</span> <span class='ocrx_word' id='word_1_385' title='bbox 538 4341 639 4408; x_wconf 60' lang='lat' dir='ltr'>hsce.</span> 
     </span>
    </p>
   </div>
   <div class='ocr_carea' id='block_1_5' title="bbox 1517 4751 1576 4832">
    <p class='ocr_par' dir='ltr' id='par_1_15' title="bbox 1517 4713 1576 4832">
     <span class='ocr_line' id='line_1_41' title="bbox 1517 4751 1576 4832; baseline 0 -8"><span class='ocrx_word' id='word_1_386' title='bbox 1517 4829 1518 4832; x_wconf 5' lang='grc' dir='ltr'>Ὺ</span> <span class='ocrx_word' id='word_1_387' title='bbox 1573 4751 1576 4824; x_wconf 68' lang='lat' dir='ltr'>l</span> 
     </span>
    </p>
   </div>
   <div class='ocr_carea' id='block_1_6' title="bbox 0 0 1592 4990">
    <p class='ocr_par' dir='ltr' id='par_1_16' title="bbox 0 0 1592 4990">
     <span class='ocr_line' id='line_1_42' title="bbox 0 0 1592 4990; baseline 0 1"><span class='ocrx_word' id='word_1_388' title='bbox 0 0 1592 4990; x_wconf 95' lang='lat' dir='ltr'> </span> 
     </span>
    </p>
   </div>
  </div>
 </body>
</html>
