3174 4990
256 442 296 504 36
640 454 686 501 nn
708 454 849 503 aarum
871 455 1025 504 nnoauu.

255 598 386 683 aliquo
409 606 579 684 tempore
601 598 808 683 patefactis
830 611 955 664 terrae
977 600 1150 666 faucibus
1177 623 1221 665 ex
1244 601 1324 666 illis
1348 602 1411 666 ab·

255 699 351 764 ditis
377 700 530 766 sedibus
561 701 666 766 exire
687 701 907 786 potuissent
933 711 1047 787 atque
1070 703 1229 768 evadere
1255 703 1294 768 in
1320 704 1411 768 haee

254 802 349 881 loca,
365 825 460 888 quae
478 826 543 868 nos
561 803 779 870 incolimus:
801 826 884 868 cunr
899 813 1056 889 repente
1073 814 1212 870 terram
1230 815 1270 871 et
1290 807 1412 870 maria

255 906 475 992 caelumque
490 907 691 1002 vidissent,
707 909 862 973 nubium
877 911 1186 995 magnitudinem
1197 918 1411 974 ventorum·

255 1031 326 1094 que
357 1010 432 1075 vim
459 1005 725 1096 cognovissent
754 1015 1075 1100 aspexissentque¹
1105 1015 1222 1079 solem
1252 1014 1411 1099 ejusque
1447 1041 1464 1100 5

255 1138 338 1181 cum
372 1115 677 1201 magnitudinem
716 1116 1142 1202 pulchritudinemque,
1173 1127 1253 1182 tum
1293 1117 1411 1182 etiam

256 1220 509 1285 efficientiam
532 1219 811 1305 cognovissent,
835 1221 934 1306 quod
957 1211 989 1285 is'
1011 1221 1109 1286 diem
1132 1221 1309 1286 efficeret
1331 1229 1411 1285 toto

255 1324 357 1389 caclo
383 1324 466 1388 luce
492 1323 652 1402 diffusa;
684 1346 767 1388 cum
793 1334 921 1388 autem
949 1333 1069 1389 terras
1095 1349 1168 1390 nox
1191 1335 1411 1411 opacasset,

255 1436 335 1491 tum
350 1427 493 1492 caelum
510 1435 632 1491 totum
647 1435 850 1491 cernerent
865 1428 978 1492 astris
996 1428 1223 1511 distinctum
1246 1438 1285 1493 et
1301 1449 1413 1492 orna-

253 1541 334 1596 tum
362 1530 552 1612 lunaeque
582 1528 768 1592 luminum
800 1530 1028 1594 varietatem
1066 1540 1146 1594 tum
1183 1531 1410 1607 crescentis,
1431 1561 1466 1600 10

254 1645 335 1701 tum
364 1631 598 1700 senescentis
628 1654 831 1717 eorumque
863 1634 1029 1722 omnium
1060 1644 1164 1698 ortus
1187 1642 1229 1698 et
1260 1655 1412 1699 occasus

196 1765 200 1776 ·
255 1748 368 1823 atque
390 1738 429 1800 in
452 1736 551 1800 omni
573 1737 806 1801 aeternitate
833 1746 938 1802 ratos
962 1737 1304 1826 immutabilesque
1329 1761 1413 1802 cur·

254 1865 333 1923 sus;
355 1864 450 1929 quae
473 1865 555 1906 cum
577 1840 767 1918 viderent,
783 1843 957 1926 profecto
981 1855 1019 1907 et
1042 1865 1120 1907 esse
1144 1843 1235 1906 deos
1259 1851 1296 1906 et
1319 1843 1435 1908 haec·

205 1957 242 2016 96
255 1954 363 2011 tanta
378 1967 489 2031 opera
504 1945 657 2008 deorum
675 1966 755 2008 esse
771 1946 1080 2010 arbitrarentur!
1127 1946 1320 2010 XXXVIII.
1351 1946 1413 2009 At-

254 2070 318 2132 que
341 2048 420 2112 haec
443 2045 575 2132 quidem
596 2045 659 2110 ille.
685 2131 688 2138 Ι
706 2046 775 2110 Nos
790 2056 901 2111 autem
922 2047 1071 2111 tenebras
1093 2047 1273 2132 cogitemus
1294 2055 1413 2124 tantas
1430 2075 1464 2134 15

255 2159 396 2234 quantae
418 2150 582 2234 quondam
605 2149 775 2233 eruptione
799 2148 1020 2214 Aetnaeorum
1042 2150 1169 2235 ignium
1191 2149 1349 2214 finitimas
1364 2171 1414 2213 re-

255 2255 367 2340 giones
376 2253 592 2324 obscuravisse,
601 2253 762 2330 dicuntur,
773 2262 811 2317 ut
820 2275 877 2338 per
890 2253 1026 2317 biduum
1038 2276 1133 2318 nemo
1143 2253 1308 2318 hominem
1318 2255 1414 2318 homo

256 2363 453 2442 agnosceret,
470 2377 544 2419 cum
560 2364 670 2419 autem
685 2357 782 2420 tertio
797 2357 849 2420 die
866 2356 912 2420 sol
930 2357 1098 2431 illuxisset,
1114 2364 1186 2420 tum
1209 2365 1248 2421 ut
1262 2357 1414 2422 revixisse

257 2460 319 2524 sibi
336 2459 529 2523 viderentur.
574 2459 697 2538 Quodsi
717 2460 776 2524 hoc
796 2459 884 2523 idem
905 2482 945 2524 ex
966 2461 1107 2524 aeternis
1125 2460 1268 2526 tenebris
1290 2461 1415 2525 contin-

256 2572 355 2649 geret,
384 2570 423 2626 ut
452 2561 559 2627 subito
588 2563 694 2627 lucem
724 2563 949 2649 aspiceremus,
980 2586 1141 2648 quaenam
1178 2562 1300 2648 species
1334 2564 1415 2628 caeli
1431 2595 1468 2634 22

259 2667 444 2731 videretur?
489 2665 554 2730 Sed
569 2666 758 2731 assiduitate
774 2667 937 2731 cotidiana
952 2675 986 2730 et
1001 2665 1235 2731 consuetudine
1251 2667 1416 2732 oculorum

258 2778 448 2835 assuescunt
468 2770 570 2834 animi
591 2793 698 2854 neque
721 2771 923 2836 admirantur
944 2794 1051 2856 neque
1077 2770 1249 2854 requirunt
1274 2772 1416 2837 rationes

259 2897 372 2940 earum
397 2896 513 2952 rerum,
536 2896 616 2958 quas
641 2897 768 2960 semper
788 2875 909 2952 vident,
935 2874 1068 2958 proinde
1095 2874 1188 2957 quasi
1209 2874 1337 2938 novitas
1359 2898 1417 2940 nos

176 2979 179 2984 ’
259 2977 362 3060 magis
385 2999 484 3060 quam
508 2976 698 3061 magnitudo
723 2977 971 3061 rerumfldebeat
995 2977 1035 3040 ad
1062 2975 1276 3061 exquirendas
1306 2999 1416 3041 causas

209 3089 245 3147 97
261 3079 406 3143 excitare.
438 3077 520 3157 Quis
535 3079 623 3143 enim
638 3080 725 3143 hune
739 3079 906 3166 hominem
921 3079 1048 3156 dixerit,
1065 3079 1122 3162 qui
1139 3100 1212 3141 cum
1227 3085 1296 3141 tam
1312 3087 1414 3143 certos
1433 3112 1447 3150 2
1452 3108 1468 3169 5

261 3178 340 3244 caeli
355 3187 471 3256 motus,
487 3187 557 3244 tam
572 3175 658 3244 iratos
674 3189 832 3264 astrorum
854 3181 980 3244 ordines
1002 3179 1134 3264 tamque
1149 3179 1235 3243 inter
1254 3201 1287 3243 se
1310 3181 1418 3244 omnia
1509 3226 1511 3231 ·

261 3303 382 3346 conexa
406 3290 438 3346 et
464 3291 542 3366 apta
564 3282 691 3360 viderit,
723 3290 821 3368 neget
850 3282 886 3347 in
911 3283 962 3346 his
992 3283 1094 3345 ullam
1124 3281 1229 3346 inesse
1259 3282 1418 3347 rationem

261 3407 364 3468 eaque
396 3406 470 3448 casu
502 3384 572 3448 fieri
604 3385 699 3462 dicat,
727 3407 811 3470 quae
838 3392 959 3469 quanto
986 3384 1117 3448 consilio
1141 3392 1304 3467 gerantur,
1329 3385 1418 3450 nullo

262 3480 393 3550 oonsilio
419 3485 546 3570 assequi
576 3490 771 3571 possumus?
815 3486 879 3563 An,
905 3509 980 3550 cum
1010 3485 1248 3550 machinatione
1278 3487 1418 3571 quadam

263 3591 385 3656 moveri
411 3591 536 3676 aliquid
560 3591 715 3671 videmus,
741 3599 780 3655 ut
806 3591 984 3676 sphaeram,
1011 3591 1173 3666 uthoras‚
1197 3589 1322 3654 utalia
1348 3613 1418 3676 per·
1432 3619 1471 3676 30

263 3699 376 3774 multa,
390 3720 455 3767 non
471 3697 667 3776 dubitamus,
683 3697 763 3782 quin
778 3697 835 3761 illa
850 3719 946 3780 opera
961 3695 1027 3760 sint
1043 3694 1196 3786 rationis;
1218 3717 1292 3760 cum
1308 3703 1419 3760 autem

263 3801 423 3886 impetum
461 3800 538 3864 caeli
578 3823 652 3864 cum
689 3799 872 3864 admirabili
914 3799 1079 3864 celeritate
1114 3799 1237 3863 moveri
1271 3793 1419 3884 vertique

314 4013 329 4058 2
346 4013 443 4060 sedibus
463 4013 530 4060 exire
549 4015 691 4074 potuissent
713 4019 787 4074 atquc
807 4014 911 4063 evadere
933 4012 992 4072 Ed,
1012 4014 1110 4062 aeditua
1129 4013 1198 4061 exire
1218 4019 1294 4074 atque
1316 4014 1419 4063 evadere

267 4091 377 4154 (leaving
390 4094 531 4154 potuissent
547 4093 612 4142 after
628 4095 768 4154 focolr'mus)
780 4093 863 4158 Allen,
875 4095 972 4143 sedibus
990 4095 1092 4143 evadare
1109 4093 1173 4143 then
1188 4093 1264 4156 (after
1279 4094 1418 4160 incolimus)

266 4181 341 4236 atquc
359 4175 427 4221 ealce
441 4175 581 4235 potuissent
597 4188 652 4223 uss.
754 4175 769 4223 6
786 4190 840 4222 cam
856 4190 938 4236 mapa.
952 4174 1048 4235 aaut,
1063 4181 1115 4224 tum
1130 4189 1213 4236 mapa.
1225 4175 1247 4222 E
1260 4175 1317 4224 uxr.
1330 4175 1417 4239 ΠΜ,

267 4272 319 4306 om.
338 4259 385 4306 ΤΟ.
490 4258 574 4306 atam
593 4258 838 4316 caelumOEVG÷‚
857 4252 1024 4308 cumaculam
1042 4259 1140 4310 ABUV.
1243 4259 1273 4307 10
1291 4260 1416 4321 laminam,

267 4336 357 4400 placed
373 4337 439 4386 after
455 4340 563 4386 ornatum
579 4338 659 4388 below
675 4338 709 4401 by
724 4339 806 4390 Allen.
908 4341 939 4388 13
956 4355 1021 4402 quac
1038 4356 1092 4389 cam
1109 4355 1157 4388 uss
1173 4339 1268 4389 Heind.
1285 4340 1360 4388 Allen
1376 4342 1419 4393 Or.
1448 4343 1469 4375 ·'
1493 4375 1494 4378 =

268 4419 330 4476 Mu,
343 4434 397 4468 cum
408 4417 504 4480 Mada,
519 4420 604 4482 [quoe]
616 4435 671 4468 cam
682 4420 739 4478 Ba,
752 4436 806 4470 caat
818 4422 878 4469 haec
890 4436 946 4482 erqo
959 4425 984 4478 (t,
998 4423 1057 4468 haec
1071 4435 1126 4469 cam
1138 4419 1228 4469 Lamb.
1243 4420 1301 4471 Sch.
