3174 4990
446 445 510 496 un.
534 446 562 495 11
584 445 656 496 aar.
680 445 918 496 xxm-xxva
940 427 978 516 §5
1001 427 1137 497 63-67.
1327 433 1367 496 25

280 591 383 648 Vides
403 591 548 648 sublime
569 591 687 660 fusum,
710 571 968 646 immoderatum
988 592 1134 662 aethera

281 681 338 750 qui
358 682 481 735 terram
500 682 616 734 tenero
637 677 861 750 circumjectu
880 679 1118 751 ampleotitur:

281 768 368 823 huno
387 784 549 822 summum
570 766 692 821 habeto
713 767 834 836 divum,
856 767 946 822 hune
964 767 1142 839 perhibeto
1160 768 1179 823 J
1183 784 1282 822 ovem

213 887 335 952 XXVI.
382 888 447 951 Ae‘r
465 894 585 965 autem,
601 895 639 950 ut
662 886 763 952 Stoici
784 887 961 973 disputant,
977 888 1166 974 interjectus
1182 889 1267 952 inter
1281 909 1370 952 mare
1383 885 1421 945 66

180 1007 197 1070 5
213 999 247 1055 et
261 990 386 1054 caelum
397 988 421 1053 J
424 989 539 1053 unonis
554 989 687 1055 nomine
699 999 909 1070 consecratur,
919 1013 1002 1076 quae
1017 999 1067 1056 est
1083 1013 1168 1056 saror
1183 999 1216 1056 et
1231 989 1371 1076 conjunx

212 1093 313 1171 Jovis‚
338 1093 423 1179 quod
449 1101 483 1158 et
506 1093 685 1158 similitudo
708 1101 757 1158 est
776 1095 847 1159 oiri
870 1095 1010 1160 aetheris
1033 1102 1067 1159 et
1088 1117 1162 1160 cum
1184 1117 1222 1159 eo
1245 1116 1372 1163 summa

212 1199 402 1285 conjunctio.
449 1197 689 1264 Effeminaruut
719 1206 830 1263 autem
860 1189 936 1263 euni
965 1198 1154 1283 Juuonique
1176 1198 1370 1274 tribuerunt,

213 1302 300 1388 quod
325 1301 408 1366 nihil
435 1310 484 1366 ast
515 1324 553 1367 eo
583 1300 721 1366 mollius.
768 1301 833 1366 Sed
863 1302 1027 1368 Junouem
1057 1325 1077 1367 a
1101 1302 1247 1388 juvando
1276 1301 1370 1367 eredo

212 1406 421 1471 nominatam.
465 1406 562 1492 Aqua
585 1405 730 1470 restabat
753 1413 787 1469 et
808 1413 902 1484 terra,
924 1414 963 1471 ut
986 1415 1093 1471 essent
1108 1428 1147 1471 ex
1169 1406 1286 1471 fabulis
1308 1406 1370 1471 tria

157 1532 199 1573 ιο
212 1534 312 1597 regna
326 1510 436 1574 divisa
469 1511 592 1574 Datum
608 1518 658 1574 est
674 1510 775 1596 igitur
790 1509 955 1596 Neptuno,
971 1510 1065 1577 alteri
1079 1510 1103 1576 J
1104 1511 1180 1588 ovis,
1195 1518 1234 1575 ut
1248 1510 1370 1589 volunt,

213 1613 320 1692 fratri·
347 1612 548 1686 maritimum
586 1635 681 1678 omne
715 1605 861 1699 regnum,
892 1636 1075 1698 nomenque
1104 1613 1303 1700 productum,
1333 1621 1372 1678 ιιι

214 1717 376 1781 Portunus
391 1739 411 1780 a
426 1716 588 1800 pertusio
604 1716 781 1800 Neptunus
796 1739 816 1780 a
838 1716 944 1781 nando
964 1717 1098 1803 paulum
1120 1717 1233 1802 primis
1254 1716 1372 1782 litteris

213 1817 403 1883 immutatis.
447 1817 588 1881 Terrena
607 1825 718 1882 autem
740 1817 790 1882 vis
811 1818 915 1882 omnis
937 1827 1035 1905 atque
1058 1827 1174 1885 natura
1193 1820 1265 1885 Diti
1287 1821 1372 1906 patri

214 1921 361 1987 dedicata
384 1927 443 1998 est,
467 1919 526 2006 qui
552 1919 659 1996 Dives,
687 1928 726 1985 ut
744 1920 839 2006 apud
864 1921 1002 1986 Graecos
1032 1922 1206 1998 Πλούτων,
1237 1925 1314 2008 quia
1337 1931 1372 1989 et

163 2038 198 2100 15
214 2025 361 2090 recidunt
388 2023 499 2088 omnia
524 2022 558 2086 in
585 2031 687 2088 terras
710 2033 745 2088 et
767 2025 916 2089 oriuntur
938 2048 956 2090 a
979 2027 1080 2092 terris.
1125 2024 1188 2093 Oui
1210 2027 1372 2114 Proserpi-

214 2151 290 2192 nam
305 2137 446 2216 raptam,
468 2127 555 2212 quod
578 2127 773 2193 Graecorum
795 2150 913 2194 nomen
936 2139 1003 2211 est3
1035 2154 1074 2196 ea
1096 2133 1183 2197 enim
1205 2141 1265 2212 est,
1288 2155 1372 2220 quae
1419 2209 1421 2212 ¹

216 2231 413 2320 Περσεφόνη
429 2231 553 2298 Graece
569 2233 764 2312 nominatur,
779 2255 879 2319 quam
898 2235 1029 2320 frugum
1049 2259 1160 2302 semen
1175 2259 1243 2302 esse
1259 2238 1373 2302 volunt
1443 2228 1451 2242 ’

215 2337 500 2421 absconditamque
524 2336 636 2422 quaeri
660 2359 680 2401 a
706 2345 810 2403 matre
836 2337 971 2423 fingunt.
1017 2340 1123 2405 Mater
1148 2349 1259 2405 autem
1282 2350 1331 2406 est
1353 2340 1423 2407 afli

215 2441 364 2527 gerendis
379 2440 526 2526 frugibus
542 2439 639 2505 Oeres
654 2448 823 2527 tamquam
838 2448 845 2475 ‘
859 2443 975 2520 Geres’
990 2465 1130 2530 casuque
1144 2444 1249 2530 prima
1263 2446 1373 2512 littera

162 2565 201 2606 20
215 2545 331 2610 itidem
350 2545 533 2623 immutata,
549 2552 587 2608 ut
606 2567 626 2608 a
645 2543 793 2624 Graecis3
816 2568 893 2610 uam
915 2548 956 2612 ab
978 2547 1042 2612 illis
1062 2571 1190 2634 quoque
1213 2549 1373 2640 Δημήτηρ

215 2659 309 2745 quasi
323 2656 482 2745 Γημήτηρ
497 2657 665 2721 nominata
681 2665 739 2722 est.
782 2658 805 2722 J
807 2680 860 2722 am
875 2658 932 2744 qui
948 2681 1066 2746 magna
1076 2669 1224 2740 verteret,
1235 2663 1373 2743 Mavors,

216 2763 364 2828 Minerva
386 2769 506 2841 autam,
532 2783 616 2847 quae
645 2761 697 2825 vel
726 2761 888 2827 minueret
918 2764 970 2828 vel
996 2764 1185 2831 minaretur.
1229 2767 1371 2833 XXVII.

216 2869 364 2956 Cumque
388 2869 423 2932 in
447 2867 597 2932 omnibus
620 2867 716 2932 rebus
741 2867 808 2931 vim
835 2868 993 2934 haberent
1016 2871 1190 2936 maximam
1214 2873 1319 2958 prima
1339 2880 1373 2937 et

216 2981 370 3050 extrema,
384 2971 563 3058 prinoipem
582 2970 618 3034 in
637 2969 842 3037 sacrificando
862 2973 985 3037 Janum
1004 2996 1072 3039 esse
1092 2976 1270 3054 voluerunt,
1286 2977 1372 3062 quod

155 3085 200 3152 '25
216 3077 257 3142 ab
272 3076 379 3142 eundo
394 3098 512 3142 nomen
528 3082 578 3140 est
593 3074 737 3154 ductum,
753 3096 793 3138 ex
815 3097 879 3160 quo
901 3077 1108 3142 transitiones
1125 3080 1260 3164 perviae
1272 3080 1371 3166 ‘jani'

215 3181 362 3266 foresque
378 3180 412 3245 in
427 3179 596 3244 liminibus
610 3180 816 3265 profanarum
831 3180 960 3245 aedium
983 3181 1136 3268 ‘januae’
1157 3185 1372 3252 nominantur.

217 3283 305 3348 Nam
320 3282 441 3348 Vestae
456 3304 576 3347 nomen
590 3304 611 3346 a
625 3281 777 3363 Graecis3
800 3304 839 3347 ea
850 3291 899 3348 est
914 3283 1010 3362 enim,
1022 3307 1104 3370 quae
1119 3285 1161 3352 ab
1175 3287 1239 3352 illis
1253 3286 1374 3355 Ἑστία

217 3453 282 3502 uerti
293 3454 360 3502 enim
372 3450 503 3518 (omitting
515 3449 569 3517 boe)
581 3451 664 3501 Allan.
763 3451 779 3502 6
795 3453 861 3514 qaod
872 3460 897 3502 et
908 3466 965 3512 uss,
977 3453 1044 3517 quad
1055 3457 1078 3506 ei
1087 3455 1162 3507 Prob.
1177 3455 1215 3522 (in
1225 3459 1288 3509 Brea.
1302 3472 1329 3520 p.
1342 3459 1373 3508 la

217 3534 284 3598 Keil)
303 3534 369 3593 edd..
387 3536 453 3598 quod
470 3537 493 3584 ei
510 3542 535 3584 et
551 3533 647 3584 Heind.
746 3537 801 3585 aeri
820 3537 929 3585 aetheria
946 3537 1004 3596 Ed„
1022 3540 1130 3589 aetheris
1150 3553 1199 3589 uss
1218 3540 1285 3600 edd,
1306 3543 1373 3592 airis

217 3616 291 3668 Prob.
306 3631 349 3666 see
365 3615 466 3666 (lomm.
566 3617 598 3666 10
614 3617 690 3665 alteri
700 3615 787 3666 A²o²U
803 3616 903 3678 hamb,
917 3619 1022 3667 alteram
1035 3618 1203 3685 (assimilated
1219 3623 1246 3672 to
1262 3625 1372 3686 reanum)

216 3699 379 3757 A¹BOEV¹B,
396 3701 475 3749 aliero
492 3698 547 3748 PV'
565 3699 623 3750 Oxi.
643 3699 850 3754 0¹ffl÷Heind
870 3699 930 3750 Soh.
1030 3702 1060 3751 12
1074 3711 1151 3767 portu
1167 3704 1283 3765 PB²O²E‚
1296 3715 1373 3771 porta

216 3779 490 3835 AEVB1011301f.÷.
601 3782 766 3832 1411a0aov
785 3782 852 3841 edd,
871 3784 965 3833 Platon
984 3798 1041 3834 uss.
1153 3788 1184 3836 15
1200 3791 1315 3839 recidant
1331 3790 1374 3841 Ao

217 3863 302 3922 Prob.‚
312 3865 426 3912 recidant
437 3877 486 3912 uss
496 3863 633 3926 generally.
732 3866 848 3914 muniar
859 3879 907 3914 uss
917 3867 1054 3930 generally,
1068 3869 1206 3919 aiantiam
1216 3870 1248 3929 E,
1258 3873 1374 3923 orientia

217 3944 405 4000 maurind.
428 3945 513 3994 Allan.
676 3948 718 3995 arai
737 3948 914 4010 Proserpinam
933 3956 1036 4012 naptarn
1055 3949 1114 4010 Ea,
1134 3954 1176 4001 aui
1197 3954 1373 4016 Proserpinam

217 4028 374 4079 Assuvruo
381 4040 414 4090 ÷‚
430 4031 472 4078 cai
482 4029 635 4092 Proserpina
646 4029 665 4078 (l
679 4029 773 4095 (which
790 4030 868 4080 omits
885 4033 952 4094 quod
970 4033 1119 4084 Graecorum
1135 4034 1188 4084 and
1204 4051 1234 4086 ea
1250 4039 1316 4086 enirn
1327 4041 1372 4101 eet)

217 4110 292 4170 Pmr,
304 4113 327 4159 ie
343 4113 431 4174 rapuit
446 4111 623 4174 Proserpinam
639 4110 739 4162 Manat.
760 4112 783 4177 (e
800 4113 855 4164 aod.
869 4113 966 4177 Malloi)
985 4114 1090 4174 Heind.,
1108 4119 1149 4166 arri
1165 4126 1270 4181 nuptam
1287 4121 1373 4169 dicant

217 4194 393 4257 Proserpinam
404 4193 458 4246 edd.
475 4193 530 4257 (the
541 4194 624 4244 words
635 4204 739 4258 neptam
751 4198 838 4245 dicant
849 4211 893 4246 are
904 4197 986 4248 found
995 4197 1025 4247 in
1036 4199 1099 4260 Reg.
1112 4200 1164 4250 and
1181 4206 1198 4251 0
1215 4201 1281 4251 after
1295 4203 1371 4252 norri-

217 4282 295 4325 natur
305 4275 358 4325 and
373 4290 401 4325 so
418 4275 521 4339 printed
537 4276 571 4339 by
581 4276 675 4341 Allan).
711 4277 758 4328 See
775 4278 873 4329 Oomm.
975 4280 1014 4338 17,
1026 4281 1066 4338 20,
1079 4282 1109 4330 21
1126 4281 1277 4346 Περσεφόνη,
1292 4283 1372 4346 Δημή-
1445 4296 1449 4306 ·

218 4377 264 4423 τηρ
280 4358 332 4408 and
349 4358 463 4424 Γημὴτηρ
474 4374 518 4410 are
528 4359 631 4410 written
647 4359 675 4409 in
692 4360 771 4410 Latin
788 4361 816 4410 iu
833 4376 889 4413 uss.
991 4365 1022 4416 27
1039 4379 1098 4414 nam
1114 4367 1234 4428 nasjan
1246 4366 1292 4417 Be.
1305 4367 1372 4418 efter

218 4440 341 4491 walfflin.
440 4459 457 4491 a
475 4441 578 4491 Graecia
596 4457 643 4491 usa
659 4443 795 4505 generally,
808 4461 824 4492 a
842 4446 944 4492 Graecia
963 4451 997 4493 eet
1012 4445 1073 4508 Bag.
1085 4451 1124 4497 tic
1136 4447 1227 4496 hamb.
1241 4448 1300 4497 Soh.
1312 4449 1370 4510 Ba,
