3174 4990
228 449 270 515 24
298 515 302 522 ,
615 459 662 510 nn
684 459 824 510 aarum
847 457 1001 510 cronon.

228 612 337 698 opinio
360 610 528 676 Graeciam
551 609 753 696 opplevisset,
769 617 935 675 exsectum
951 607 1088 674 Gaelum
1110 631 1130 673 a
1152 607 1219 673 filio
1235 607 1387 685 Saturno,

178 727 216 788 04
228 718 375 782 vinctum
389 724 501 781 autem
517 715 695 781 Saturnum
710 715 818 800 ipsum
840 737 860 779 a
881 714 948 779 filio
968 714 1060 789 Jove,
1077 713 1210 799 physica
1224 714 1307 778 ratio
1322 735 1386 778 non

228 822 394 908 inelegans
414 820 538 886 incluse
555 827 605 884 est
623 819 657 886 in
676 819 793 904 impias
810 819 954 898 fabulas;
976 817 1165 882 caelestium
1188 818 1276 882 enim
1298 819 1388 882 altis-

230 926 346 992 simam
370 924 611 1010 aetheriamque
639 932 798 1002 naturam,
822 923 856 988 id
882 931 931 988 est
958 923 1097 1008 igneam,
1122 945 1206 1009 quae
1232 945 1291 1008 per
1320 944 1389 987 sese

231 1031 339 1095 omnia
349 1031 505 1116 gigneret,
518 1052 631 1095 vacare
646 1029 817 1110 voluerunt
829 1050 868 1093 ea
880 1036 971 1114 parte
984 1028 1131 1113 corporis,
1144 1050 1226 1113 quae
1239 1027 1308 1113 conj
1313 1049 1389 1091 unc·
1424 1043 1440 1105 5

231 1132 320 1198 tione
335 1132 468 1198 alterius
483 1140 593 1218 egeret
608 1132 649 1196 ad
663 1131 905 1217 procreandum.
940 1130 1044 1196 XXV.
1083 1129 1263 1195 Saturnum
1278 1137 1389 1193 autem

231 1257 307 1300 eum
322 1257 391 1301 esse
410 1235 591 1312 voluerunt,
607 1229 665 1318 qui
685 1255 814 1299 cursum
835 1240 868 1298 et
890 1231 1130 1297 conversionem
1153 1233 1331 1318 spatiorum
1353 1251 1391 1294 ac

230 1346 415 1425 temporum
435 1340 624 1416 contineret,
639 1337 697 1423 qui
716 1337 796 1402 deus
814 1337 935 1402 Graece
957 1335 991 1400 id
1009 1336 1117 1422 ipsum
1134 1357 1254 1400 nomen
1276 1334 1390 1413 habet3

234 1442 360 1531 Κρόνος
380 1443 468 1508 enim
486 1442 615 1523 dicitur,
636 1441 693 1526 qui
714 1449 763 1505 est
782 1440 870 1505 idem
889 1437 1017 1528 χρόνος,
1033 1439 1067 1503 id
1088 1447 1137 1504 est
1152 1440 1294 1525 spatium
1309 1446 1391 1504 tem-

231 1547 325 1632 poris.
372 1547 534 1612 Saturnus
553 1552 664 1610 eutem
685 1553 734 1610 est
753 1544 944 1629 appellatus,
961 1543 1047 1628 quod
1067 1551 1266 1609 saturaretur
1280 1543 1392 1624 aunis;
1409 1561 1444 1604 10

232 1673 273 1716 ex
295 1673 329 1733 se
352 1650 440 1716 enim
461 1660 555 1714 natos
575 1670 716 1714 comesse
739 1648 873 1733 fingitur
893 1647 1014 1725 solitus,
1030 1647 1107 1732 quia
1127 1648 1288 1712 consumit
1302 1655 1392 1712 actas

232 1758 416 1840 temporum
439 1753 544 1838 spatia
567 1752 725 1838 annisque
749 1750 934 1836 praeteritis
956 1749 1211 1814 insaturabiliter
1233 1750 1391 1838 expletur,

233 1858 361 1924 vinctus
376 1866 487 1922 autem
502 1880 522 1921 a
535 1857 627 1934 Jove,
643 1878 684 1920 ne
704 1854 933 1920 immoderatos
952 1876 1062 1918 cursus
1080 1855 1224 1934 haberet,
1241 1865 1338 1943 atque
1355 1864 1393 1921 ut

233 1953 310 2030 eum
325 1962 464 2028 siderum
481 1961 594 2026 vinclis
609 1961 766 2047 alligaret.
815 1959 881 2025 Sed
894 1959 963 2044 ipse
974 1959 1136 2044 Juppirer,
1148 1959 1182 2023 id
1193 1968 1243 2024 est
1260 1961 1393 2046 ‘juvans

231 2066 342 2153 'pater'
363 2089 461 2152 quem
482 2065 641 2130 conversis
662 2065 789 2129 casibus
806 2063 1007 2149 appellamus
1030 2085 1050 2128 a
1067 2063 1213 2149 juvando
1233 2065 1256 2129 J
1258 2086 1358 2142 ovem,
1374 2087 1394 2129 a
1410 2088 1422 2125 1
1427 2083 1443 2145 5

233 2170 338 2256 poetis
350 2177 454 2256 ‘pater
466 2170 642 2255 divumque
654 2169 890 2256 hominumque
900 2169 907 2194 ’
923 2168 1052 2247 dicitur,
1064 2192 1084 2234 a
1095 2169 1270 2255 majoribus
1282 2178 1393 2236 autem

232 2276 351 2356 nostris
378 2276 539 2361 ‘optimus
565 2274 743 2354 maximus,'
768 2283 801 2340 et
825 2275 958 2362 quidem
982 2283 1057 2339 ante
1084 2275 1262 2362 ‘optimus'
1286 2275 1320 2340 id
1344 2283 1394 2341 est

233 2381 554 2460 beneficentissimus,
579 2403 677 2466 quam
704 2379 902 2458 ‘maximus’
928 2379 1006 2465 quia
1028 2380 1135 2466 majus
1164 2391 1214 2446 est
1243 2389 1395 2466 certeque

184 2489 220 2550 65
234 2484 357 2570 gratius
386 2484 536 2569 prodesse
564 2485 714 2549 omnibus
744 2506 843 2569 quam
874 2506 950 2570 opes
976 2505 1110 2570 magnas
1136 2484 1395 2563 habere-huno

230 2589 335 2675 'igitur
349 2589 484 2666 Ennius,
502 2597 541 2653 ut
555 2611 653 2674 supra
667 2588 744 2666 dixi,
762 2595 928 2674 nuncupat
943 2587 990 2652 ita
1004 2588 1122 2664 dicens,
1411 2593 1448 2649 ao

264 2719 387 2791 Aspice
405 2719 465 2773 hot
483 2717 626 2774 sublime
644 2717 797 2787 candens,
816 2735 912 2788 quem
929 2717 1091 2772 invocant
1108 2735 1221 2774 omnes
1238 2718 1257 2773 J
1262 2736 1353 2774 ovem
1361 2738 1368 2786 ;

234 2843 363 2930 planius
379 2864 478 2928 quam
493 2841 557 2907 alio
572 2842 640 2907 loco
655 2841 751 2920 idem,
820 2857 822 2862 '

180 2967 186 2978 ¹
237 2979 305 3049 got,
321 2977 409 3049 quod
425 2979 461 3033 in
479 2997 528 3034 me
546 2981 606 3048 est,
622 2978 822 3034 exsecrabor
839 2979 907 3045 hoc,
926 2975 1014 3046 quod
1031 2976 1131 3045 lucet,
1147 2975 1308 3046 quioquid
1326 2980 1395 3046 est3

235 3100 322 3165 huno
339 3100 438 3165 etiam
454 3123 592 3187 augures
608 3100 717 3178 nostri,
732 3123 806 3165 cum
822 3100 936 3165 dicunt
951 3099 1047 3163 ‘Jove
1062 3099 1218 3184 fulgente,
1233 3101 1395 3180 tonante3’

229 3201 364 3287 [dieunt
385 3202 471 3266 enim
495 3201 602 3268 ‘caelo
624 3203 779 3289 fulgente,
800 3201 966 3286 tonante']
1024 3200 1196 3288 Euripides
1216 3211 1336 3282 autem,
1357 3211 1396 3268 ut
1411 3223 1447 3284 ²5

236 3306 341 3371 multa
356 3306 526 3392 praeclare,
543 3306 588 3370 sic
603 3306 664 3396 hoc
680 3306 867 3392 [breviter]:
1431 3309 1433 3312 ’

286 3473 302 3520 3
319 3471 462 3521 corbariam
478 3475 524 3520 Bu
542 3469 607 3532 Oxi,
624 3471 756 3520 caelestum
769 3469 864 3531 unca,
878 3471 1008 3519 caelestem
1020 3467 1169 3532 [ΒΟῊΗΟΙ.
1184 3467 1258 3522 Lact.
1271 3483 1283 3519 1
1295 3470 1326 3519 12
1337 3470 1397 3524 edd.

156 3560 159 3566 '
238 3553 254 3604 9
271 3553 488 3617 Κρόνος-χρόνος,
499 3550 578 3600 Latin
596 3550 623 3600 in
640 3564 696 3601 uss.
798 3553 843 3614 qui
860 3558 897 3600 eet
913 3551 979 3599 idem
996 3549 1085 3614 [X]B÷
1095 3585 1101 3608 ,
1113 3551 1180 3614 quod
1196 3558 1232 3600 est
1248 3552 1314 3600 idem
1329 3553 1397 3615 quod

238 3634 313 3685 nest.
325 3634 344 3684 l.
356 3649 377 3683 c.
469 3632 556 3697 χρόνος
566 3635 595 3682 id
606 3640 642 3682 cst
654 3633 782 3697 [X]BE÷,
796 3648 847 3682 om.
860 3637 980 3684 mnovn.
1076 3633 1107 3682 15
1120 3641 1278 3697 paterqacm
1289 3634 1396 3693 GEP÷‚

235 3725 335 3783 partem
353 3733 401 3782 goe
417 3718 447 3778 A,
462 3725 538 3782 pater
554 3733 618 3781 quac
636 3717 689 3768 BV.
792 3718 823 3768 19
841 3719 938 3776 habere,
957 3716 1010 3766 Mu.
1031 3716 1098 3766 after
1115 3716 1195 3779 Bake,
1217 3718 1313 3768 babere.
1349 3732 1398 3768 uss

231 3800 284 3850 'Or.
295 3799 341 3847 Ba.
355 3797 415 3848 Sch.
514 3799 544 3847 21
562 3800 665 3848 sublime
677 3812 726 3848 uss
737 3797 873 3860 generally,
888 3800 992 3862 saptiam
1003 3798 1034 3859 B,
1047 3799 1168 3861 supplicia
1180 3798 1208 3855 P,
1220 3800 1341 3849 sublimen
1352 3799 1396 3849 Or.

240 3882 287 3933 Ba.
301 3881 361 3932 Son.
373 3882 406 3931 cf.
418 3885 432 3944 ς
442 3883 467 3931 4.
566 3883 598 3930 22
611 3884 716 3945 plonius
734 3897 809 3945 qoam
820 3880 869 3939 Bo,
877 3883 982 3945 planius
999 3896 1071 3944 quem
1087 3879 1155 3930 AVB
1169 3880 1236 3938 Oxi,
1245 3883 1397 3945 planiusque

240 3959 332 4018 ΕΒΗ
340 4000 346 4022 ,
354 3966 503 4027 pleniusque
515 3963 543 4014 G.
645 3965 676 4012 23
693 3966 738 4027 qai
751 3962 914 4020 Gulielmius,
927 3964 968 4012 oui
980 3976 1029 4011 uss
1040 3961 1168 4024 generally
1176 3961 1242 4020 edu,
1252 3979 1296 4012 car
1307 3968 1324 4014 G
1336 3963 1398 4026 ch.

241 4045 306 4094 Dav.
315 4059 357 4094 sce
368 4045 468 4094 Gomm.
553 4045 586 4093 24
602 4046 663 4093 Jove
670 4046 785 4107 fulgente
798 4050 897 4093 tonante
907 4041 1018 4106 [AGEV]
1030 4043 1087 4093 Oxi.
1097 4047 1151 4101 Bu,
1158 4045 1180 4105 j.
1190 4045 1257 4106 fulg.
1269 4052 1294 4093 et
1306 4051 1354 4094 toa.
1366 4044 1397 4104 B,

236 4131 321 4192 jovem
326 4129 466 4191 fulgentem
477 4135 604 4177 testantem
615 4127 700 4176 Pmu
711 4126 770 4176 Asc.
780 4137 814 4180 ÷.
914 4127 945 4175 25
963 4127 1050 4175 dicuat
1060 4129 1260 4176 caim-tonante
1273 4127 1307 4189 [X
1319 4127 1398 4190 Mus]

242 4209 308 4266 edd,
320 4223 371 4258 om.
384 4208 408 4257 G
419 4208 471 4257 and
483 4209 497 4256 2
510 4207 582 4257 codd.
595 4208 622 4257 oi
633 4207 753 4257 Gulielm.
766 4207 861 4256 Heind.
947 4209 1014 4255 caelo
1025 4207 1055 4267 B,
1070 4209 1121 4256 cela
1132 4206 1171 4268 A2,
1186 4210 1247 4256 melo
1258 4208 1399 4260 A¹GEPVB

243 4290 343 4349 oxf.÷,
355 4293 384 4340 ia
395 4293 463 4340 caelo
475 4294 572 4344 tov÷.
667 4293 781 4355 fulgente
798 4297 899 4340 tonante
912 4291 971 4348 Eu,
979 4291 1045 4353 sulp.
1065 4297 1088 4338 et
1106 4297 1156 4339 ton.
1167 4290 1256 4341 BGPV
1267 4290 1325 4341 Oxi.
1337 4297 1397 4350 B÷,

229 4365 231 4368 ’
237 4372 369 4438 fulgeatae
379 4379 496 4423 ιονιοοεοο
503 4372 534 4431 A,
539 4375 678 4437 fulgentem
686 4381 710 4422 et
720 4379 845 4423 torraatem
853 4372 967 4423 mour.
1053 4372 1084 4422 26
1102 4374 1209 4423 breviter
1217 4387 1267 4423 uss
1275 4374 1323 4424 Ba.
1332 4374 1395 4437 Mu,

243 4471 294 4508 om.
308 4453 414 4518 Heind,
428 4454 457 4502 in
473 4454 591 4504 brackets
608 4455 649 4504 Or.
670 4455 738 4511 Soh..
756 4457 869 4517 graviter
885 4454 969 4503 Bouh.
987 4453 1038 4503 and
1056 4453 1187 4518 (omitting
1205 4454 1258 4516 too)
1271 4455 1395 4518 Vauoher,
