<?xml version="1.0" encoding="UTF-8"?>
<!DOCTYPE html PUBLIC "-//W3C//DTD XHTML 1.0 Transitional//EN"
    "http://www.w3.org/TR/xhtml1/DTD/xhtml1-transitional.dtd">
<html xmlns="http://www.w3.org/1999/xhtml" xml:lang="en" lang="en">
 <head>
  <title>
</title>
<meta http-equiv="Content-Type" content="text/html;charset=utf-8" />
  <meta name='ocr-system' content='tesseract 3.04.00' />
  <meta name='ocr-capabilities' content='ocr_page ocr_carea ocr_par ocr_line ocrx_word'/>
</head>
<body>
  <div class='ocr_page' id='page_1' title='image "./mtulliiciceroni04swaigoog_0049.png"; bbox 0 0 3174 4990; ppageno 0'>
   <div class='ocr_carea' id='block_1_1' title="bbox 425 441 1324 540">
    <p class='ocr_par' dir='ltr' id='par_1_1' title="bbox 425 441 1324 540">
     <span class='ocr_line' id='line_1_1' title="bbox 425 441 1324 540; baseline 0.004 -31"><span class='ocrx_word' id='word_1_1' title='bbox 425 461 490 540; x_wconf 72' lang='lat' dir='ltr'><strong>uns</strong></span> <span class='ocrx_word' id='word_1_2' title='bbox 513 462 541 510; x_wconf 93' lang='lat'><strong>11</strong></span> <span class='ocrx_word' id='word_1_3' title='bbox 563 460 636 512; x_wconf 72' lang='lat' dir='ltr'><strong>cnr.</strong></span> <span class='ocrx_word' id='word_1_4' title='bbox 659 461 848 510; x_wconf 84' lang='lat' dir='ltr'><strong>xvrrr-xx</strong></span> <span class='ocrx_word' id='word_1_5' title='bbox 870 444 910 530; x_wconf 51' lang='grc' dir='ltr'><strong>ἐξ</strong></span> <span class='ocrx_word' id='word_1_6' title='bbox 931 441 1069 512; x_wconf 77' lang='lat'><strong>47-52.</strong></span> <span class='ocrx_word' id='word_1_7' title='bbox 1282 449 1324 514; x_wconf 82' lang='lat'><strong>19</strong></span> 
     </span>
    </p>
   </div>
   <div class='ocr_carea' id='block_1_2' title="bbox 5 606 1380 3088">
    <p class='ocr_par' dir='ltr' id='par_1_2' title="bbox 5 606 1380 3088">
     <span class='ocr_line' id='line_1_2' title="bbox 165 606 1345 693; baseline 0.008 -24"><span class='ocrx_word' id='word_1_8' title='bbox 165 625 303 686; x_wconf 90' lang='lat' dir='ltr'><strong>norum;</strong></span> <span class='ocrx_word' id='word_1_9' title='bbox 328 606 538 693; x_wconf 88' lang='lat' dir='ltr'><strong>ejusdemque</strong></span> <span class='ocrx_word' id='word_1_10' title='bbox 564 608 639 673; x_wconf 90' lang='lat' dir='ltr'><strong>solis</strong></span> <span class='ocrx_word' id='word_1_11' title='bbox 664 616 737 673; x_wconf 89' lang='lat' dir='ltr'><strong>tum</strong></span> <span class='ocrx_word' id='word_1_12' title='bbox 763 629 907 673; x_wconf 79' lang='lat' dir='ltr'><strong>accessus</strong></span> <span class='ocrx_word' id='word_1_13' title='bbox 932 606 1059 686; x_wconf 89' lang='lat' dir='ltr'><strong>modici,</strong></span> <span class='ocrx_word' id='word_1_14' title='bbox 1085 615 1159 674; x_wconf 92' lang='lat' dir='ltr'><strong>tum</strong></span> <span class='ocrx_word' id='word_1_15' title='bbox 1183 631 1345 680; x_wconf 77' lang='lat' dir='ltr'><strong>recessus.</strong></span> 
     </span>
     <span class='ocr_line' id='line_1_3' title="bbox 166 710 1327 799; baseline 0.005 -25"><span class='ocrx_word' id='word_1_16' title='bbox 166 715 201 774; x_wconf 91' lang='lat' dir='ltr'><strong>et</strong></span> <span class='ocrx_word' id='word_1_17' title='bbox 218 710 345 796; x_wconf 88' lang='lat' dir='ltr'><strong>frigoris</strong></span> <span class='ocrx_word' id='word_1_18' title='bbox 363 720 397 776; x_wconf 90' lang='lat' dir='ltr'><strong>et</strong></span> <span class='ocrx_word' id='word_1_19' title='bbox 419 713 532 778; x_wconf 89' lang='lat' dir='ltr'><strong>caloris</strong></span> <span class='ocrx_word' id='word_1_20' title='bbox 556 713 689 778; x_wconf 87' lang='lat' dir='ltr'><strong>niodum</strong></span> <span class='ocrx_word' id='word_1_21' title='bbox 707 721 910 799; x_wconf 85' lang='lat' dir='ltr'><strong>temperant3</strong></span> <span class='ocrx_word' id='word_1_22' title='bbox 931 713 1118 778; x_wconf 76' lang='lat' dir='ltr'><strong>circumitus</strong></span> <span class='ocrx_word' id='word_1_23' title='bbox 1140 715 1228 780; x_wconf 90' lang='lat' dir='ltr'><strong>enim</strong></span> <span class='ocrx_word' id='word_1_24' title='bbox 1251 715 1327 780; x_wconf 88' lang='lat' dir='ltr'><strong>solis</strong></span> 
     </span>
     <span class='ocr_line' id='line_1_4' title="bbox 166 814 1328 904; baseline 0.006 -27"><span class='ocrx_word' id='word_1_25' title='bbox 166 814 295 878; x_wconf 93' lang='lat' dir='ltr'><strong>orbium</strong></span> <span class='ocrx_word' id='word_1_26' title='bbox 333 817 476 902; x_wconf 90' lang='lat' dir='ltr'><strong>quinque</strong></span> <span class='ocrx_word' id='word_1_27' title='bbox 514 826 550 883; x_wconf 92' lang='lat' dir='ltr'><strong>et</strong></span> <span class='ocrx_word' id='word_1_28' title='bbox 587 818 756 904; x_wconf 80' lang='lat' dir='ltr'><strong>sexaginta</strong></span> <span class='ocrx_word' id='word_1_29' title='bbox 793 825 827 883; x_wconf 90' lang='lat' dir='ltr'><strong>et</strong></span> <span class='ocrx_word' id='word_1_30' title='bbox 864 825 1083 883; x_wconf 90' lang='lat' dir='ltr'><strong>trecentorum</strong></span> <span class='ocrx_word' id='word_1_31' title='bbox 1115 826 1232 904; x_wconf 89' lang='lat' dir='ltr'><strong>quarta</strong></span> <span class='ocrx_word' id='word_1_32' title='bbox 1260 819 1328 884; x_wconf 89' lang='lat' dir='ltr'><strong>fere</strong></span> 
     </span>
     <span class='ocr_line' id='line_1_5' title="bbox 166 918 1329 1006; baseline 0.007 -24"><span class='ocrx_word' id='word_1_33' title='bbox 166 918 233 984; x_wconf 90' lang='lat' dir='ltr'><strong>diei</strong></span> <span class='ocrx_word' id='word_1_34' title='bbox 256 929 348 1006; x_wconf 88' lang='lat' dir='ltr'><strong>parte</strong></span> <span class='ocrx_word' id='word_1_35' title='bbox 373 923 484 988; x_wconf 87' lang='lat' dir='ltr'><strong>addita</strong></span> <span class='ocrx_word' id='word_1_36' title='bbox 507 923 747 989; x_wconf 83' lang='lat' dir='ltr'><strong>conversionem</strong></span> <span class='ocrx_word' id='word_1_37' title='bbox 774 923 951 988; x_wconf 86' lang='lat' dir='ltr'><strong>conficiunt</strong></span> <span class='ocrx_word' id='word_1_38' title='bbox 973 945 1136 1003; x_wconf 89' lang='lat' dir='ltr'><strong>annuam;</strong></span> <span class='ocrx_word' id='word_1_39' title='bbox 1161 923 1329 989; x_wconf 87' lang='lat' dir='ltr'><strong>inflectens</strong></span> 
     </span>
     <span class='ocr_line' id='line_1_6' title="bbox 134 1026 1328 1113; baseline 0.003 -24"><span class='ocrx_word' id='word_1_40' title='bbox 134 1032 279 1102; x_wconf 76' lang='lat' dir='ltr'><strong>sautem</strong></span> <span class='ocrx_word' id='word_1_41' title='bbox 309 1026 355 1090; x_wconf 94' lang='lat' dir='ltr'><strong>sol</strong></span> <span class='ocrx_word' id='word_1_42' title='bbox 381 1049 510 1092; x_wconf 90' lang='lat' dir='ltr'><strong>cursum</strong></span> <span class='ocrx_word' id='word_1_43' title='bbox 539 1035 612 1092; x_wconf 93' lang='lat' dir='ltr'><strong>tum</strong></span> <span class='ocrx_word' id='word_1_44' title='bbox 642 1027 683 1092; x_wconf 89' lang='lat' dir='ltr'><strong>ad</strong></span> <span class='ocrx_word' id='word_1_45' title='bbox 710 1027 954 1113; x_wconf 73' lang='lat' dir='ltr'><strong>septentriones,</strong></span> <span class='ocrx_word' id='word_1_46' title='bbox 977 1033 1050 1091; x_wconf 89' lang='lat' dir='ltr'><strong>tum</strong></span> <span class='ocrx_word' id='word_1_47' title='bbox 1080 1026 1121 1091; x_wconf 89' lang='lat' dir='ltr'><strong>ad</strong></span> <span class='ocrx_word' id='word_1_48' title='bbox 1151 1027 1328 1107; x_wconf 89' lang='lat' dir='ltr'><strong>meridiem,</strong></span> 
     </span>
     <span class='ocr_line' id='line_1_7' title="bbox 166 1129 1329 1215; baseline 0.003 -24"><span class='ocrx_word' id='word_1_49' title='bbox 166 1133 306 1193; x_wconf 80' lang='lat' dir='ltr'><strong>aestates</strong></span> <span class='ocrx_word' id='word_1_50' title='bbox 331 1136 364 1194; x_wconf 91' lang='lat' dir='ltr'><strong>et</strong></span> <span class='ocrx_word' id='word_1_51' title='bbox 390 1129 513 1194; x_wconf 88' lang='lat' dir='ltr'><strong>hiemes</strong></span> <span class='ocrx_word' id='word_1_52' title='bbox 535 1129 634 1195; x_wconf 88' lang='lat' dir='ltr'><strong>efficit</strong></span> <span class='ocrx_word' id='word_1_53' title='bbox 656 1137 690 1194; x_wconf 88' lang='lat' dir='ltr'><strong>et</strong></span> <span class='ocrx_word' id='word_1_54' title='bbox 712 1152 752 1194; x_wconf 88' lang='lat' dir='ltr'><strong>ea</strong></span> <span class='ocrx_word' id='word_1_55' title='bbox 773 1130 837 1194; x_wconf 91' lang='lat' dir='ltr'><strong>duo</strong></span> <span class='ocrx_word' id='word_1_56' title='bbox 854 1137 1009 1215; x_wconf 75' lang='lat' dir='ltr'><strong>tempora,</strong></span> <span class='ocrx_word' id='word_1_57' title='bbox 1032 1150 1169 1214; x_wconf 91' lang='lat' dir='ltr'><strong>quorum</strong></span> <span class='ocrx_word' id='word_1_58' title='bbox 1190 1129 1329 1194; x_wconf 85' lang='lat' dir='ltr'><strong>alterum</strong></span> 
     </span>
     <span class='ocr_line' id='line_1_8' title="bbox 165 1230 1329 1319; baseline 0.002 -25"><span class='ocrx_word' id='word_1_59' title='bbox 165 1230 268 1294; x_wconf 90' lang='lat' dir='ltr'><strong>hiemi</strong></span> <span class='ocrx_word' id='word_1_60' title='bbox 290 1233 468 1297; x_wconf 86' lang='lat' dir='ltr'><strong>senescenti</strong></span> <span class='ocrx_word' id='word_1_61' title='bbox 490 1232 681 1319; x_wconf 90' lang='lat' dir='ltr'><strong>adjunctum</strong></span> <span class='ocrx_word' id='word_1_62' title='bbox 703 1241 760 1310; x_wconf 92' lang='lat' dir='ltr'><strong>est,</strong></span> <span class='ocrx_word' id='word_1_63' title='bbox 780 1232 920 1297; x_wconf 89' lang='lat' dir='ltr'><strong>alterum</strong></span> <span class='ocrx_word' id='word_1_64' title='bbox 942 1232 1066 1298; x_wconf 82' lang='lat' dir='ltr'><strong>aestati.</strong></span> <span class='ocrx_word' id='word_1_65' title='bbox 1111 1231 1165 1297; x_wconf 89' lang='lat' dir='ltr'><strong>Ita</strong></span> <span class='ocrx_word' id='word_1_66' title='bbox 1179 1253 1219 1296; x_wconf 86' lang='lat' dir='ltr'><strong>ex</strong></span> <span class='ocrx_word' id='word_1_67' title='bbox 1235 1239 1329 1318; x_wconf 89' lang='lat' dir='ltr'><strong>quat-</strong></span> 
     </span>
     <span class='ocr_line' id='line_1_9' title="bbox 166 1335 1330 1422; baseline 0.002 -24"><span class='ocrx_word' id='word_1_68' title='bbox 166 1341 242 1398; x_wconf 90' lang='lat' dir='ltr'><strong>tuor</strong></span> <span class='ocrx_word' id='word_1_69' title='bbox 263 1342 446 1422; x_wconf 87' lang='lat' dir='ltr'><strong>temporum</strong></span> <span class='ocrx_word' id='word_1_70' title='bbox 467 1338 705 1403; x_wconf 88' lang='lat' dir='ltr'><strong>mutationibus</strong></span> <span class='ocrx_word' id='word_1_71' title='bbox 727 1336 883 1414; x_wconf 91' lang='lat' dir='ltr'><strong>omnium,</strong></span> <span class='ocrx_word' id='word_1_72' title='bbox 902 1357 986 1422; x_wconf 88' lang='lat' dir='ltr'><strong>quae</strong></span> <span class='ocrx_word' id='word_1_73' title='bbox 1010 1343 1097 1400; x_wconf 88' lang='lat' dir='ltr'><strong>terra</strong></span> <span class='ocrx_word' id='word_1_74' title='bbox 1115 1335 1261 1421; x_wconf 86' lang='lat' dir='ltr'><strong>marique</strong></span> <span class='ocrx_word' id='word_1_75' title='bbox 1280 1337 1330 1421; x_wconf 88' lang='lat' dir='ltr'><strong>gi-</strong></span> 
     </span>
     <span class='ocr_line' id='line_1_10' title="bbox 165 1439 1380 1527; baseline 0.003 -25"><span class='ocrx_word' id='word_1_76' title='bbox 165 1446 320 1524; x_wconf 90' lang='lat' dir='ltr'><strong>gnuntur,</strong></span> <span class='ocrx_word' id='word_1_77' title='bbox 340 1440 435 1506; x_wconf 89' lang='lat' dir='ltr'><strong>initia</strong></span> <span class='ocrx_word' id='word_1_78' title='bbox 456 1463 636 1527; x_wconf 85' lang='lat' dir='ltr'><strong>causaeque</strong></span> <span class='ocrx_word' id='word_1_79' title='bbox 659 1442 830 1507; x_wconf 87' lang='lat' dir='ltr'><strong>ducuntur.</strong></span> <span class='ocrx_word' id='word_1_80' title='bbox 875 1440 952 1505; x_wconf 85' lang='lat' dir='ltr'><strong>Jam</strong></span> <span class='ocrx_word' id='word_1_81' title='bbox 974 1439 1050 1504; x_wconf 92' lang='lat' dir='ltr'><strong>solis</strong></span> <span class='ocrx_word' id='word_1_82' title='bbox 1072 1461 1197 1504; x_wconf 90' lang='lat' dir='ltr'><strong>annuos</strong></span> <span class='ocrx_word' id='word_1_83' title='bbox 1218 1461 1329 1506; x_wconf 83' lang='lat' dir='ltr'><strong>cursus</strong></span> <span class='ocrx_word' id='word_1_84' title='bbox 1343 1445 1380 1506; x_wconf 87' lang='grc'><strong>50</strong></span> 
     </span>
     <span class='ocr_line' id='line_1_11' title="bbox 111 1540 1329 1629; baseline 0.003 -25"><span class='ocrx_word' id='word_1_85' title='bbox 111 1564 152 1604; x_wconf 91' lang='lat'><strong>10</strong></span> <span class='ocrx_word' id='word_1_86' title='bbox 166 1540 280 1626; x_wconf 89' lang='lat' dir='ltr'><strong>spatiis</strong></span> <span class='ocrx_word' id='word_1_87' title='bbox 303 1543 476 1608; x_wconf 88' lang='lat' dir='ltr'><strong>menstruis</strong></span> <span class='ocrx_word' id='word_1_88' title='bbox 498 1544 578 1610; x_wconf 90' lang='lat' dir='ltr'><strong>luna</strong></span> <span class='ocrx_word' id='word_1_89' title='bbox 603 1543 820 1629; x_wconf 88' lang='lat' dir='ltr'><strong>consequitur,</strong></span> <span class='ocrx_word' id='word_1_90' title='bbox 844 1541 935 1628; x_wconf 87' lang='lat' dir='ltr'><strong>cujus</strong></span> <span class='ocrx_word' id='word_1_91' title='bbox 958 1540 1187 1608; x_wconf 90' lang='lat' dir='ltr'><strong>tenuissimum</strong></span> <span class='ocrx_word' id='word_1_92' title='bbox 1216 1541 1329 1608; x_wconf 89' lang='lat' dir='ltr'><strong>lumen</strong></span> 
     </span>
     <span class='ocr_line' id='line_1_12' title="bbox 165 1643 1328 1732; baseline 0.002 -23"><span class='ocrx_word' id='word_1_93' title='bbox 165 1645 246 1710; x_wconf 88' lang='lat' dir='ltr'><strong>facit</strong></span> <span class='ocrx_word' id='word_1_94' title='bbox 263 1647 427 1730; x_wconf 86' lang='lat' dir='ltr'><strong>proximus</strong></span> <span class='ocrx_word' id='word_1_95' title='bbox 445 1669 590 1713; x_wconf 88' lang='lat' dir='ltr'><strong>accessus</strong></span> <span class='ocrx_word' id='word_1_96' title='bbox 608 1649 650 1712; x_wconf 89' lang='lat' dir='ltr'><strong>ad</strong></span> <span class='ocrx_word' id='word_1_97' title='bbox 672 1649 781 1723; x_wconf 88' lang='lat' dir='ltr'><strong>solem,</strong></span> <span class='ocrx_word' id='word_1_98' title='bbox 805 1647 968 1732; x_wconf 87' lang='lat' dir='ltr'><strong>digressus</strong></span> <span class='ocrx_word' id='word_1_99' title='bbox 990 1652 1101 1710; x_wconf 89' lang='lat' dir='ltr'><strong>autem</strong></span> <span class='ocrx_word' id='word_1_100' title='bbox 1122 1643 1328 1730; x_wconf 90' lang='lat' dir='ltr'><strong>longissimus</strong></span> 
     </span>
     <span class='ocr_line' id='line_1_13' title="bbox 166 1749 1329 1839; baseline -0.001 -24"><span class='ocrx_word' id='word_1_101' title='bbox 166 1749 305 1836; x_wconf 91' lang='lat' dir='ltr'><strong>quisque</strong></span> <span class='ocrx_word' id='word_1_102' title='bbox 335 1751 568 1837; x_wconf 86' lang='lat' dir='ltr'><strong>plenissimum.</strong></span> <span class='ocrx_word' id='word_1_103' title='bbox 625 1752 743 1839; x_wconf 88' lang='lat' dir='ltr'><strong>Neque</strong></span> <span class='ocrx_word' id='word_1_104' title='bbox 774 1751 879 1816; x_wconf 90' lang='lat' dir='ltr'><strong>solum</strong></span> <span class='ocrx_word' id='word_1_105' title='bbox 908 1749 979 1835; x_wconf 85' lang='lat' dir='ltr'><strong>ejus</strong></span> <span class='ocrx_word' id='word_1_106' title='bbox 1008 1749 1130 1834; x_wconf 89' lang='lat' dir='ltr'><strong>species</strong></span> <span class='ocrx_word' id='word_1_107' title='bbox 1159 1771 1196 1814; x_wconf 92' lang='lat' dir='ltr'><strong>ac</strong></span> <span class='ocrx_word' id='word_1_108' title='bbox 1226 1750 1329 1814; x_wconf 83' lang='lat' dir='ltr'><strong>forma</strong></span> 
     </span>
     <span class='ocr_line' id='line_1_14' title="bbox 166 1854 1328 1935; baseline 0.003 -18"><span class='ocrx_word' id='word_1_109' title='bbox 166 1862 315 1919; x_wconf 91' lang='lat' dir='ltr'><strong>mutatur</strong></span> <span class='ocrx_word' id='word_1_110' title='bbox 339 1862 412 1920; x_wconf 91' lang='lat' dir='ltr'><strong>tum</strong></span> <span class='ocrx_word' id='word_1_111' title='bbox 437 1857 615 1935; x_wconf 88' lang='lat' dir='ltr'><strong>crescendo,</strong></span> <span class='ocrx_word' id='word_1_112' title='bbox 643 1865 715 1921; x_wconf 93' lang='lat' dir='ltr'><strong>tum</strong></span> <span class='ocrx_word' id='word_1_113' title='bbox 745 1856 924 1922; x_wconf 89' lang='lat' dir='ltr'><strong>defectibus</strong></span> <span class='ocrx_word' id='word_1_114' title='bbox 950 1855 985 1918; x_wconf 91' lang='lat' dir='ltr'><strong>in</strong></span> <span class='ocrx_word' id='word_1_115' title='bbox 1011 1854 1105 1920; x_wconf 87' lang='lat' dir='ltr'><strong>initia</strong></span> <span class='ocrx_word' id='word_1_116' title='bbox 1129 1855 1328 1934; x_wconf 69' lang='lat' dir='ltr'><strong>recurrendo</strong></span> 
     </span>
     <span class='ocr_line' id='line_1_15' title="bbox 166 1957 1328 2046; baseline 0.002 -25"><span class='ocrx_word' id='word_1_117' title='bbox 166 1957 224 2022; x_wconf 89' lang='lat' dir='ltr'><strong>sed</strong></span> <span class='ocrx_word' id='word_1_118' title='bbox 254 1958 354 2023; x_wconf 87' lang='lat' dir='ltr'><strong>etiam</strong></span> <span class='ocrx_word' id='word_1_119' title='bbox 378 1960 475 2046; x_wconf 85' lang='lat' dir='ltr'><strong>regie,</strong></span> <span class='ocrx_word' id='word_1_120' title='bbox 501 1984 584 2046; x_wconf 87' lang='lat' dir='ltr'><strong>quae</strong></span> <span class='ocrx_word' id='word_1_121' title='bbox 613 1969 686 2026; x_wconf 92' lang='lat' dir='ltr'><strong>tum</strong></span> <span class='ocrx_word' id='word_1_122' title='bbox 713 1969 762 2026; x_wconf 89' lang='lat' dir='ltr'><strong>est</strong></span> <span class='ocrx_word' id='word_1_123' title='bbox 788 1960 961 2046; x_wconf 90' lang='lat' dir='ltr'><strong>aquilonia,</strong></span> <span class='ocrx_word' id='word_1_124' title='bbox 982 1967 1054 2023; x_wconf 92' lang='lat' dir='ltr'><strong>tum</strong></span> <span class='ocrx_word' id='word_1_125' title='bbox 1084 1959 1241 2024; x_wconf 90' lang='lat' dir='ltr'><strong>australis.</strong></span> <span class='ocrx_word' id='word_1_126' title='bbox 1287 1959 1328 2023; x_wconf 92' lang='lat' dir='ltr'><strong>In</strong></span> 
     </span>
     <span class='ocr_line' id='line_1_16' title="bbox 111 2060 1329 2149; baseline 0.002 -25"><span class='ocrx_word' id='word_1_127' title='bbox 111 2080 148 2142; x_wconf 82' lang='lat'><strong>15</strong></span> <span class='ocrx_word' id='word_1_128' title='bbox 165 2060 264 2126; x_wconf 89' lang='lat' dir='ltr'><strong>lunae</strong></span> <span class='ocrx_word' id='word_1_129' title='bbox 279 2084 408 2148; x_wconf 90' lang='lat' dir='ltr'><strong>quoque</strong></span> <span class='ocrx_word' id='word_1_130' title='bbox 423 2085 518 2128; x_wconf 90' lang='lat' dir='ltr'><strong>cursu</strong></span> <span class='ocrx_word' id='word_1_131' title='bbox 535 2072 585 2130; x_wconf 89' lang='lat' dir='ltr'><strong>est</strong></span> <span class='ocrx_word' id='word_1_132' title='bbox 596 2072 629 2130; x_wconf 89' lang='lat' dir='ltr'><strong>et</strong></span> <span class='ocrx_word' id='word_1_133' title='bbox 640 2066 773 2130; x_wconf 88' lang='lat' dir='ltr'><strong>brumae</strong></span> <span class='ocrx_word' id='word_1_134' title='bbox 786 2065 945 2149; x_wconf 84' lang='lat' dir='ltr'><strong>quaedam</strong></span> <span class='ocrx_word' id='word_1_135' title='bbox 956 2070 990 2128; x_wconf 88' lang='lat' dir='ltr'><strong>et</strong></span> <span class='ocrx_word' id='word_1_136' title='bbox 1001 2061 1129 2127; x_wconf 87' lang='lat' dir='ltr'><strong>solstitii</strong></span> <span class='ocrx_word' id='word_1_137' title='bbox 1141 2062 1329 2142; x_wconf 85' lang='lat' dir='ltr'><strong>similitude,</strong></span> 
     </span>
     <span class='ocr_line' id='line_1_17' title="bbox 165 2165 1329 2254; baseline 0.004 -27"><span class='ocrx_word' id='word_1_138' title='bbox 165 2165 337 2251; x_wconf 90' lang='lat' dir='ltr'><strong>multaque</strong></span> <span class='ocrx_word' id='word_1_139' title='bbox 352 2168 394 2232; x_wconf 91' lang='lat' dir='ltr'><strong>ab</strong></span> <span class='ocrx_word' id='word_1_140' title='bbox 414 2191 452 2232; x_wconf 90' lang='lat' dir='ltr'><strong>ea</strong></span> <span class='ocrx_word' id='word_1_141' title='bbox 472 2178 608 2234; x_wconf 88' lang='lat' dir='ltr'><strong>manant</strong></span> <span class='ocrx_word' id='word_1_142' title='bbox 626 2177 659 2233; x_wconf 91' lang='lat' dir='ltr'><strong>et</strong></span> <span class='ocrx_word' id='word_1_143' title='bbox 676 2169 792 2245; x_wconf 90' lang='lat' dir='ltr'><strong>fluunt,</strong></span> <span class='ocrx_word' id='word_1_144' title='bbox 810 2168 927 2254; x_wconf 92' lang='lat' dir='ltr'><strong>quibus</strong></span> <span class='ocrx_word' id='word_1_145' title='bbox 947 2175 982 2232; x_wconf 87' lang='lat' dir='ltr'><strong>et</strong></span> <span class='ocrx_word' id='word_1_146' title='bbox 999 2167 1180 2232; x_wconf 87' lang='lat' dir='ltr'><strong>animantes</strong></span> <span class='ocrx_word' id='word_1_147' title='bbox 1199 2165 1329 2232; x_wconf 89' lang='lat' dir='ltr'><strong>alantur</strong></span> 
     </span>
     <span class='ocr_line' id='line_1_18' title="bbox 165 2274 1327 2361; baseline 0.004 -27"><span class='ocrx_word' id='word_1_148' title='bbox 165 2279 413 2357; x_wconf 86' lang='lat' dir='ltr'><strong>augescantque,</strong></span> <span class='ocrx_word' id='word_1_149' title='bbox 438 2283 472 2339; x_wconf 90' lang='lat' dir='ltr'><strong>et</strong></span> <span class='ocrx_word' id='word_1_150' title='bbox 493 2274 673 2361; x_wconf 90' lang='lat' dir='ltr'><strong>pubescant</strong></span> <span class='ocrx_word' id='word_1_151' title='bbox 696 2275 986 2358; x_wconf 89' lang='lat' dir='ltr'><strong>maturitatemque</strong></span> <span class='ocrx_word' id='word_1_152' title='bbox 1008 2281 1222 2359; x_wconf 88' lang='lat' dir='ltr'><strong>assequantur</strong></span> <span class='ocrx_word' id='word_1_153' title='bbox 1244 2295 1327 2359; x_wconf 88' lang='lat' dir='ltr'><strong>quae</strong></span> 
     </span>
     <span class='ocr_line' id='line_1_19' title="bbox 166 2374 1378 2458; baseline 0.006 -21"><span class='ocrx_word' id='word_1_154' title='bbox 166 2374 316 2439; x_wconf 90' lang='lat' dir='ltr'><strong>oriuntur</strong></span> <span class='ocrx_word' id='word_1_155' title='bbox 337 2398 355 2441; x_wconf 91' lang='lat' dir='ltr'><strong>e</strong></span> <span class='ocrx_word' id='word_1_156' title='bbox 377 2384 469 2442; x_wconf 85' lang='lat' dir='ltr'><strong>terra</strong></span> <span class='ocrx_word' id='word_1_157' title='bbox 514 2379 587 2458; x_wconf 73' lang='lat' dir='ltr'><strong>XX</strong></span> <span class='ocrx_word' id='word_1_158' title='bbox 633 2379 776 2443; x_wconf 82' lang='lat' dir='ltr'><strong>Maxime</strong></span> <span class='ocrx_word' id='word_1_159' title='bbox 798 2400 873 2442; x_wconf 89' lang='lat' dir='ltr'><strong>vero</strong></span> <span class='ocrx_word' id='word_1_160' title='bbox 896 2385 973 2441; x_wconf 92' lang='lat' dir='ltr'><strong>sunt</strong></span> <span class='ocrx_word' id='word_1_161' title='bbox 994 2376 1198 2443; x_wconf 88' lang='lat' dir='ltr'><strong>admirabiles</strong></span> <span class='ocrx_word' id='word_1_162' title='bbox 1220 2385 1328 2442; x_wconf 91' lang='lat' dir='ltr'><strong>motus</strong></span> <span class='ocrx_word' id='word_1_163' title='bbox 1341 2385 1378 2444; x_wconf 82' lang='lat'><strong>51</strong></span> 
     </span>
     <span class='ocr_line' id='line_1_20' title="bbox 166 2478 1328 2568; baseline 0.002 -26"><span class='ocrx_word' id='word_1_164' title='bbox 166 2499 279 2542; x_wconf 89' lang='lat' dir='ltr'><strong>earum</strong></span> <span class='ocrx_word' id='word_1_165' title='bbox 301 2479 445 2566; x_wconf 90' lang='lat' dir='ltr'><strong>quinque</strong></span> <span class='ocrx_word' id='word_1_166' title='bbox 466 2482 640 2558; x_wconf 90' lang='lat' dir='ltr'><strong>stellarum,</strong></span> <span class='ocrx_word' id='word_1_167' title='bbox 659 2503 743 2568; x_wconf 85' lang='lat' dir='ltr'><strong>quae</strong></span> <span class='ocrx_word' id='word_1_168' title='bbox 761 2481 841 2545; x_wconf 86' lang='lat' dir='ltr'><strong>falso</strong></span> <span class='ocrx_word' id='word_1_169' title='bbox 861 2487 1019 2544; x_wconf 88' lang='lat' dir='ltr'><strong>vocantur</strong></span> <span class='ocrx_word' id='word_1_170' title='bbox 1038 2486 1188 2545; x_wconf 89' lang='lat' dir='ltr'><strong>errantes.</strong></span> <span class='ocrx_word' id='word_1_171' title='bbox 1233 2478 1328 2544; x_wconf 89' lang='lat' dir='ltr'><strong>Nihil</strong></span> 
     </span>
     <span class='ocr_line' id='line_1_21' title="bbox 112 2579 1327 2672; baseline 0.003 -27"><span class='ocrx_word' id='word_1_172' title='bbox 112 2606 151 2645; x_wconf 86' lang='lat'><strong>20</strong></span> <span class='ocrx_word' id='word_1_173' title='bbox 167 2579 255 2646; x_wconf 92' lang='lat' dir='ltr'><strong>enim</strong></span> <span class='ocrx_word' id='word_1_174' title='bbox 280 2591 373 2660; x_wconf 89' lang='lat' dir='ltr'><strong>errat,</strong></span> <span class='ocrx_word' id='word_1_175' title='bbox 397 2585 484 2670; x_wconf 91' lang='lat' dir='ltr'><strong>quod</strong></span> <span class='ocrx_word' id='word_1_176' title='bbox 507 2585 542 2648; x_wconf 93' lang='lat' dir='ltr'><strong>in</strong></span> <span class='ocrx_word' id='word_1_177' title='bbox 565 2586 653 2672; x_wconf 83' lang='lat' dir='ltr'><strong>omni</strong></span> <span class='ocrx_word' id='word_1_178' title='bbox 676 2585 870 2650; x_wconf 88' lang='lat' dir='ltr'><strong>aeternitate</strong></span> <span class='ocrx_word' id='word_1_179' title='bbox 892 2591 1061 2649; x_wconf 88' lang='lat' dir='ltr'><strong>conservat</strong></span> <span class='ocrx_word' id='word_1_180' title='bbox 1083 2605 1267 2669; x_wconf 87' lang='lat' dir='ltr'><strong>progressus</strong></span> <span class='ocrx_word' id='word_1_181' title='bbox 1293 2592 1327 2650; x_wconf 90' lang='lat' dir='ltr'><strong>et</strong></span> 
     </span>
     <span class='ocr_line' id='line_1_22' title="bbox 5 2663 1328 2775; baseline 0.004 -26"><span class='ocrx_word' id='word_1_182' title='bbox 5 2663 8 2686; x_wconf 54' lang='grc'>’</span> <span class='ocrx_word' id='word_1_183' title='bbox 144 2708 329 2771; x_wconf 49' lang='lat' dir='ltr'><strong>regressus</strong></span> <span class='ocrx_word' id='word_1_184' title='bbox 352 2688 555 2775; x_wconf 87' lang='lat' dir='ltr'><strong>reliquosque</strong></span> <span class='ocrx_word' id='word_1_185' title='bbox 580 2699 688 2756; x_wconf 90' lang='lat' dir='ltr'><strong>motus</strong></span> <span class='ocrx_word' id='word_1_186' title='bbox 711 2697 895 2756; x_wconf 87' lang='lat' dir='ltr'><strong>constantes</strong></span> <span class='ocrx_word' id='word_1_187' title='bbox 915 2697 949 2754; x_wconf 89' lang='lat' dir='ltr'><strong>et</strong></span> <span class='ocrx_word' id='word_1_188' title='bbox 969 2696 1063 2754; x_wconf 84' lang='lat' dir='ltr'><strong>ratos.</strong></span> <span class='ocrx_word' id='word_1_189' title='bbox 1108 2687 1202 2768; x_wconf 76' lang='lat' dir='ltr'><strong>Quod</strong></span> <span class='ocrx_word' id='word_1_190' title='bbox 1221 2710 1259 2754; x_wconf 88' lang='lat' dir='ltr'><strong>eo</strong></span> <span class='ocrx_word' id='word_1_191' title='bbox 1278 2696 1328 2754; x_wconf 87' lang='lat' dir='ltr'><strong>est</strong></span> 
     </span>
     <span class='ocr_line' id='line_1_23' title="bbox 167 2790 1328 2880; baseline 0.005 -26"><span class='ocrx_word' id='word_1_192' title='bbox 167 2790 391 2856; x_wconf 87' lang='lat' dir='ltr'><strong>admirabilius</strong></span> <span class='ocrx_word' id='word_1_193' title='bbox 405 2792 440 2856; x_wconf 89' lang='lat' dir='ltr'><strong>in</strong></span> <span class='ocrx_word' id='word_1_194' title='bbox 458 2794 508 2858; x_wconf 92' lang='lat' dir='ltr'><strong>his</strong></span> <span class='ocrx_word' id='word_1_195' title='bbox 529 2795 640 2873; x_wconf 87' lang='lat' dir='ltr'><strong>stellis,</strong></span> <span class='ocrx_word' id='word_1_196' title='bbox 658 2817 739 2880; x_wconf 89' lang='lat' dir='ltr'><strong>quas</strong></span> <span class='ocrx_word' id='word_1_197' title='bbox 759 2795 903 2872; x_wconf 88' lang='lat' dir='ltr'><strong>dicimus,</strong></span> <span class='ocrx_word' id='word_1_198' title='bbox 923 2795 1001 2879; x_wconf 91' lang='lat' dir='ltr'><strong>quia</strong></span> <span class='ocrx_word' id='word_1_199' title='bbox 1023 2803 1095 2859; x_wconf 89' lang='lat' dir='ltr'><strong>tum</strong></span> <span class='ocrx_word' id='word_1_200' title='bbox 1118 2794 1328 2873; x_wconf 89' lang='lat' dir='ltr'><strong>occultantur,</strong></span> 
     </span>
     <span class='ocr_line' id='line_1_24' title="bbox 143 2889 1328 2982; baseline 0.005 -24"><span class='ocrx_word' id='word_1_201' title='bbox 143 2889 240 2959; x_wconf 85' lang='lat' dir='ltr'><strong>&#39;tum</strong></span> <span class='ocrx_word' id='word_1_202' title='bbox 263 2918 371 2960; x_wconf 91' lang='lat' dir='ltr'><strong>rursus</strong></span> <span class='ocrx_word' id='word_1_203' title='bbox 393 2899 589 2982; x_wconf 89' lang='lat' dir='ltr'><strong>aperiuntur,</strong></span> <span class='ocrx_word' id='word_1_204' title='bbox 612 2909 683 2964; x_wconf 91' lang='lat' dir='ltr'><strong>tum</strong></span> <span class='ocrx_word' id='word_1_205' title='bbox 708 2901 840 2978; x_wconf 83' lang='lat' dir='ltr'><strong>adeunt,</strong></span> <span class='ocrx_word' id='word_1_206' title='bbox 861 2907 935 2965; x_wconf 86' lang='lat' dir='ltr'><strong>tum</strong></span> <span class='ocrx_word' id='word_1_207' title='bbox 955 2900 1120 2977; x_wconf 90' lang='lat' dir='ltr'><strong>recedunt,</strong></span> <span class='ocrx_word' id='word_1_208' title='bbox 1145 2908 1217 2964; x_wconf 89' lang='lat' dir='ltr'><strong>tum</strong></span> <span class='ocrx_word' id='word_1_209' title='bbox 1237 2908 1328 2964; x_wconf 90' lang='lat' dir='ltr'><strong>ante·</strong></span> 
     </span>
     <span class='ocr_line' id='line_1_25' title="bbox 167 2999 1328 3088; baseline 0.004 -25"><span class='ocrx_word' id='word_1_210' title='bbox 167 2999 296 3078; x_wconf 88' lang='lat' dir='ltr'><strong>cedunt,</strong></span> <span class='ocrx_word' id='word_1_211' title='bbox 315 3007 387 3064; x_wconf 91' lang='lat' dir='ltr'><strong>tum</strong></span> <span class='ocrx_word' id='word_1_212' title='bbox 406 3010 517 3066; x_wconf 90' lang='lat' dir='ltr'><strong>autem</strong></span> <span class='ocrx_word' id='word_1_213' title='bbox 535 3004 786 3088; x_wconf 91' lang='lat' dir='ltr'><strong>subsequuntur,</strong></span> <span class='ocrx_word' id='word_1_214' title='bbox 808 3012 878 3069; x_wconf 91' lang='lat' dir='ltr'><strong>tum</strong></span> <span class='ocrx_word' id='word_1_215' title='bbox 901 3003 1036 3069; x_wconf 90' lang='lat' dir='ltr'><strong>celerius</strong></span> <span class='ocrx_word' id='word_1_216' title='bbox 1055 3011 1236 3082; x_wconf 87' lang='lat' dir='ltr'><strong>moventur,</strong></span> <span class='ocrx_word' id='word_1_217' title='bbox 1256 3011 1328 3068; x_wconf 89' lang='lat' dir='ltr'><strong>tum</strong></span> 
     </span>
    </p>
   </div>
   <div class='ocr_carea' id='block_1_3' title="bbox 54 3096 1328 3192">
    <p class='ocr_par' dir='ltr' id='par_1_3' title="bbox 5 3091 1328 3192">
     <span class='ocr_line' id='line_1_26' title="bbox 54 3096 1328 3192; baseline -0.001 -20.037"><span class='ocrx_word' id='word_1_218' title='bbox 54 3096 57 3100; x_wconf 36' lang='lat'><strong>⁴</strong></span> <span class='ocrx_word' id='word_1_219' title='bbox 114 3121 151 3182; x_wconf 86' lang='lat'><strong>25</strong></span> <span class='ocrx_word' id='word_1_220' title='bbox 168 3102 298 3180; x_wconf 72' lang='lat' dir='ltr'><strong>tardius</strong></span> <span class='ocrx_word' id='word_1_221' title='bbox 328 3110 401 3168; x_wconf 90' lang='lat' dir='ltr'><strong>tum</strong></span> <span class='ocrx_word' id='word_1_222' title='bbox 430 3107 560 3171; x_wconf 89' lang='lat' dir='ltr'><strong>omnino</strong></span> <span class='ocrx_word' id='word_1_223' title='bbox 589 3130 631 3172; x_wconf 91' lang='lat' dir='ltr'><strong>ne</strong></span> <span class='ocrx_word' id='word_1_224' title='bbox 656 3116 829 3172; x_wconf 90' lang='lat' dir='ltr'><strong>moventur</strong></span> <span class='ocrx_word' id='word_1_225' title='bbox 851 3107 993 3192; x_wconf 90' lang='lat' dir='ltr'><strong>quidem,</strong></span> <span class='ocrx_word' id='word_1_226' title='bbox 1018 3106 1074 3170; x_wconf 90' lang='lat' dir='ltr'><strong>sed</strong></span> <span class='ocrx_word' id='word_1_227' title='bbox 1098 3105 1140 3170; x_wconf 92' lang='lat' dir='ltr'><strong>ad</strong></span> <span class='ocrx_word' id='word_1_228' title='bbox 1164 3106 1328 3191; x_wconf 90' lang='lat' dir='ltr'><strong>quoddam</strong></span> 
     </span>
    </p>
   </div>
   <div class='ocr_carea' id='block_1_4' title="bbox 165 3203 1329 3396">
    <p class='ocr_par' dir='ltr' id='par_1_4' title="bbox 165 3203 1329 3396">
     <span class='ocr_line' id='line_1_27' title="bbox 165 3203 1328 3296; baseline 0.005 -26"><span class='ocrx_word' id='word_1_229' title='bbox 165 3203 297 3293; x_wconf 88' lang='lat' dir='ltr'><strong>tempus</strong></span> <span class='ocrx_word' id='word_1_230' title='bbox 311 3208 473 3275; x_wconf 88' lang='lat' dir='ltr'><strong>insistunt.</strong></span> <span class='ocrx_word' id='word_1_231' title='bbox 519 3211 664 3292; x_wconf 76' lang='lat' dir='ltr'><strong>Quarum</strong></span> <span class='ocrx_word' id='word_1_232' title='bbox 683 3233 722 3276; x_wconf 83' lang='lat' dir='ltr'><strong>ex</strong></span> <span class='ocrx_word' id='word_1_233' title='bbox 746 3211 928 3296; x_wconf 88' lang='lat' dir='ltr'><strong>disparibus</strong></span> <span class='ocrx_word' id='word_1_234' title='bbox 951 3209 1150 3275; x_wconf 88' lang='lat' dir='ltr'><strong>motionibus</strong></span> <span class='ocrx_word' id='word_1_235' title='bbox 1172 3232 1328 3296; x_wconf 88' lang='lat' dir='ltr'><strong>magnum</strong></span> 
     </span>
     <span class='ocr_line' id='line_1_28' title="bbox 167 3309 1329 3396; baseline 0.003 -23"><span class='ocrx_word' id='word_1_236' title='bbox 167 3332 290 3374; x_wconf 90' lang='lat' dir='ltr'><strong>annum</strong></span> <span class='ocrx_word' id='word_1_237' title='bbox 306 3311 528 3377; x_wconf 87' lang='lat' dir='ltr'><strong>mathematici</strong></span> <span class='ocrx_word' id='word_1_238' title='bbox 547 3312 803 3389; x_wconf 89' lang='lat' dir='ltr'><strong>nominaverunt,</strong></span> <span class='ocrx_word' id='word_1_239' title='bbox 825 3311 973 3396; x_wconf 92' lang='lat' dir='ltr'><strong>quitum</strong></span> <span class='ocrx_word' id='word_1_240' title='bbox 994 3309 1140 3389; x_wconf 87' lang='lat' dir='ltr'><strong>efficitur,</strong></span> <span class='ocrx_word' id='word_1_241' title='bbox 1161 3333 1235 3375; x_wconf 92' lang='lat' dir='ltr'><strong>cum</strong></span> <span class='ocrx_word' id='word_1_242' title='bbox 1255 3311 1329 3376; x_wconf 88' lang='lat' dir='ltr'><strong>solis</strong></span> 
     </span>
    </p>
   </div>
   <div class='ocr_carea' id='block_1_5' title="bbox 168 3415 1380 3606">
    <p class='ocr_par' dir='ltr' id='par_1_5' title="bbox 168 3415 1380 3606">
     <span class='ocr_line' id='line_1_29' title="bbox 168 3415 1329 3501; baseline 0.002 -23"><span class='ocrx_word' id='word_1_243' title='bbox 168 3421 202 3478; x_wconf 89' lang='lat' dir='ltr'><strong>et</strong></span> <span class='ocrx_word' id='word_1_244' title='bbox 212 3415 309 3480; x_wconf 89' lang='lat' dir='ltr'><strong>lunae</strong></span> <span class='ocrx_word' id='word_1_245' title='bbox 321 3422 354 3479; x_wconf 91' lang='lat' dir='ltr'><strong>et</strong></span> <span class='ocrx_word' id='word_1_246' title='bbox 366 3416 510 3500; x_wconf 89' lang='lat' dir='ltr'><strong>quinque</strong></span> <span class='ocrx_word' id='word_1_247' title='bbox 522 3417 701 3482; x_wconf 87' lang='lat' dir='ltr'><strong>errantium</strong></span> <span class='ocrx_word' id='word_1_248' title='bbox 713 3417 753 3480; x_wconf 88' lang='lat' dir='ltr'><strong>ad</strong></span> <span class='ocrx_word' id='word_1_249' title='bbox 766 3416 903 3481; x_wconf 90' lang='lat' dir='ltr'><strong>candem</strong></span> <span class='ocrx_word' id='word_1_250' title='bbox 915 3417 999 3481; x_wconf 87' lang='lat' dir='ltr'><strong>inter</strong></span> <span class='ocrx_word' id='word_1_251' title='bbox 1011 3438 1044 3480; x_wconf 88' lang='lat' dir='ltr'><strong>se</strong></span> <span class='ocrx_word' id='word_1_252' title='bbox 1057 3415 1329 3501; x_wconf 88' lang='lat' dir='ltr'><strong>comparationem</strong></span> 
     </span>
     <span class='ocr_line' id='line_1_30' title="bbox 168 3519 1380 3606; baseline 0.002 -24"><span class='ocrx_word' id='word_1_253' title='bbox 168 3519 320 3583; x_wconf 89' lang='lat' dir='ltr'><strong>confectis</strong></span> <span class='ocrx_word' id='word_1_254' title='bbox 335 3519 480 3584; x_wconf 91' lang='lat' dir='ltr'><strong>omnium</strong></span> <span class='ocrx_word' id='word_1_255' title='bbox 495 3520 607 3606; x_wconf 90' lang='lat' dir='ltr'><strong>spatiis</strong></span> <span class='ocrx_word' id='word_1_256' title='bbox 622 3527 672 3585; x_wconf 90' lang='lat' dir='ltr'><strong>est</strong></span> <span class='ocrx_word' id='word_1_257' title='bbox 686 3521 772 3584; x_wconf 87' lang='lat' dir='ltr'><strong>faeta</strong></span> <span class='ocrx_word' id='word_1_258' title='bbox 787 3519 958 3585; x_wconf 80' lang='lat' dir='ltr'><strong>conversio</strong></span> <span class='ocrx_word' id='word_1_259' title='bbox 1004 3519 1095 3600; x_wconf 78' lang='lat' dir='ltr'><strong>Quae</strong></span> <span class='ocrx_word' id='word_1_260' title='bbox 1119 3543 1218 3606; x_wconf 88' lang='lat' dir='ltr'><strong>quam</strong></span> <span class='ocrx_word' id='word_1_261' title='bbox 1235 3521 1331 3606; x_wconf 89' lang='lat' dir='ltr'><strong>longa</strong></span> <span class='ocrx_word' id='word_1_262' title='bbox 1343 3533 1380 3592; x_wconf 82' lang='lat'><strong>52</strong></span> 
     </span>
    </p>
   </div>
   <div class='ocr_carea' id='block_1_6' title="bbox 155 3648 1330 4524">
    <p class='ocr_par' dir='ltr' id='par_1_6' title="bbox 167 3648 1330 4366">
     <span class='ocr_line' id='line_1_31' title="bbox 217 3648 1330 3711; baseline 0.003 -15"><span class='ocrx_word' id='word_1_263' title='bbox 217 3649 233 3696; x_wconf 85' lang='lat'><strong>3</strong></span> <span class='ocrx_word' id='word_1_264' title='bbox 249 3649 359 3711; x_wconf 78' lang='lat' dir='ltr'><strong>quicque</strong></span> <span class='ocrx_word' id='word_1_265' title='bbox 371 3656 395 3698; x_wconf 86' lang='lat' dir='ltr'><strong>et</strong></span> <span class='ocrx_word' id='word_1_266' title='bbox 406 3651 540 3711; x_wconf 71' lang='lat' dir='ltr'><strong>sexaginta</strong></span> <span class='ocrx_word' id='word_1_267' title='bbox 551 3657 575 3698; x_wconf 86' lang='lat' dir='ltr'><strong>et</strong></span> <span class='ocrx_word' id='word_1_268' title='bbox 587 3656 749 3699; x_wconf 78' lang='lat' dir='ltr'><strong>trecentorum</strong></span> <span class='ocrx_word' id='word_1_269' title='bbox 759 3648 837 3707; x_wconf 83' lang='lat' dir='ltr'><strong>ABV,</strong></span> <span class='ocrx_word' id='word_1_270' title='bbox 853 3651 877 3699; x_wconf 90' lang='lat' dir='ltr'><em>V</em></span> <span class='ocrx_word' id='word_1_271' title='bbox 885 3655 909 3698; x_wconf 88' lang='lat' dir='ltr'><strong>et</strong></span> <span class='ocrx_word' id='word_1_272' title='bbox 920 3650 969 3698; x_wconf 91' lang='lat' dir='ltr'><strong>LX</strong></span> <span class='ocrx_word' id='word_1_273' title='bbox 978 3656 1003 3699; x_wconf 87' lang='lat' dir='ltr'><strong>et</strong></span> <span class='ocrx_word' id='word_1_274' title='bbox 1015 3656 1178 3700; x_wconf 73' lang='lat' dir='ltr'><strong>trecentorum</strong></span> <span class='ocrx_word' id='word_1_275' title='bbox 1189 3649 1257 3710; x_wconf 74' lang='lat' dir='ltr'><strong>Oxi,</strong></span> <span class='ocrx_word' id='word_1_276' title='bbox 1273 3651 1297 3699; x_wconf 90' lang='lat' dir='ltr'><em>V</em></span> <span class='ocrx_word' id='word_1_277' title='bbox 1305 3656 1330 3699; x_wconf 81' lang='lat' dir='ltr'><strong>et</strong></span> 
     </span>
     <span class='ocr_line' id='line_1_32' title="bbox 167 3728 1329 3802; baseline 0 -24"><span class='ocrx_word' id='word_1_278' title='bbox 167 3731 217 3778; x_wconf 87' lang='lat' dir='ltr'><strong>LX</strong></span> <span class='ocrx_word' id='word_1_279' title='bbox 226 3737 250 3778; x_wconf 82' lang='lat' dir='ltr'><strong>et</strong></span> <span class='ocrx_word' id='word_1_280' title='bbox 263 3731 328 3779; x_wconf 92' lang='grc'><strong>000</strong></span> <span class='ocrx_word' id='word_1_281' title='bbox 339 3735 361 3780; x_wconf 79' lang='lat' dir='ltr'>R</span> <span class='ocrx_word' id='word_1_282' title='bbox 371 3729 438 3787; x_wconf 81' lang='lat' dir='ltr'><strong>edd..</strong></span> <span class='ocrx_word' id='word_1_283' title='bbox 450 3732 560 3794; x_wconf 80' lang='lat' dir='ltr'><strong>quiaque</strong></span> <span class='ocrx_word' id='word_1_284' title='bbox 572 3737 597 3780; x_wconf 83' lang='lat' dir='ltr'><strong>et</strong></span> <span class='ocrx_word' id='word_1_285' title='bbox 607 3734 740 3792; x_wconf 73' lang='lat' dir='ltr'><strong>sexaginta</strong></span> <span class='ocrx_word' id='word_1_286' title='bbox 757 3738 781 3780; x_wconf 85' lang='lat' dir='ltr'><strong>et</strong></span> <span class='ocrx_word' id='word_1_287' title='bbox 799 3732 902 3802; x_wconf 80' lang='lat' dir='ltr'><strong>trecenti</strong></span> <span class='ocrx_word' id='word_1_288' title='bbox 919 3728 1014 3780; x_wconf 88' lang='lat' dir='ltr'><strong>Heind.</strong></span> <span class='ocrx_word' id='word_1_289' title='bbox 1028 3729 1104 3778; x_wconf 86' lang='lat' dir='ltr'><strong>Allan</strong></span> <span class='ocrx_word' id='word_1_290' title='bbox 1120 3729 1186 3780; x_wconf 80' lang='lat' dir='ltr'><strong>alter</strong></span> <span class='ocrx_word' id='word_1_291' title='bbox 1198 3728 1329 3792; x_wconf 83' lang='lat' dir='ltr'><strong>Gujaoius,</strong></span> 
     </span>
     <span class='ocr_line' id='line_1_33' title="bbox 168 3811 1328 3875; baseline 0.003 -17"><span class='ocrx_word' id='word_1_292' title='bbox 168 3812 278 3874; x_wconf 80' lang='lat' dir='ltr'><strong>quiaque</strong></span> <span class='ocrx_word' id='word_1_293' title='bbox 290 3813 425 3874; x_wconf 79' lang='lat' dir='ltr'><strong>defectibus</strong></span> <span class='ocrx_word' id='word_1_294' title='bbox 436 3820 461 3862; x_wconf 84' lang='lat' dir='ltr'><strong>et</strong></span> <span class='ocrx_word' id='word_1_295' title='bbox 471 3815 606 3875; x_wconf 73' lang='lat' dir='ltr'><strong>sexaginte</strong></span> <span class='ocrx_word' id='word_1_296' title='bbox 617 3821 640 3862; x_wconf 85' lang='lat' dir='ltr'><strong>et</strong></span> <span class='ocrx_word' id='word_1_297' title='bbox 653 3820 817 3863; x_wconf 82' lang='lat' dir='ltr'><strong>trecentorum</strong></span> <span class='ocrx_word' id='word_1_298' title='bbox 825 3812 865 3862; x_wconf 83' lang='lat' dir='ltr'><strong>OB</strong></span> <span class='ocrx_word' id='word_1_299' title='bbox 874 3811 926 3861; x_wconf 87' lang='lat' dir='ltr'><strong>and</strong></span> <span class='ocrx_word' id='word_1_300' title='bbox 935 3811 1008 3874; x_wconf 88' lang='lat' dir='ltr'><strong>(with</strong></span> <span class='ocrx_word' id='word_1_301' title='bbox 1017 3811 1141 3862; x_wconf 87' lang='lat' dir='ltr'><strong>omission</strong></span> <span class='ocrx_word' id='word_1_302' title='bbox 1151 3812 1179 3860; x_wconf 84' lang='lat' dir='ltr'><strong>of</strong></span> <span class='ocrx_word' id='word_1_303' title='bbox 1188 3812 1283 3861; x_wconf 85' lang='lat' dir='ltr'><strong>former</strong></span> <span class='ocrx_word' id='word_1_304' title='bbox 1294 3815 1328 3875; x_wconf 86' lang='lat' dir='ltr'><strong>ct)</strong></span> 
     </span>
     <span class='ocr_line' id='line_1_34' title="bbox 169 3893 1328 3962; baseline 0.002 -20"><span class='ocrx_word' id='word_1_305' title='bbox 169 3894 201 3951; x_wconf 84' lang='lat' dir='ltr'><strong>E,</strong></span> <span class='ocrx_word' id='word_1_306' title='bbox 212 3893 284 3956; x_wconf 85' lang='lat' dir='ltr'><strong>(with</strong></span> <span class='ocrx_word' id='word_1_307' title='bbox 295 3893 423 3944; x_wconf 86' lang='lat' dir='ltr'><strong>insertion</strong></span> <span class='ocrx_word' id='word_1_308' title='bbox 435 3895 464 3944; x_wconf 83' lang='lat' dir='ltr'><strong>of</strong></span> <span class='ocrx_word' id='word_1_309' title='bbox 473 3903 508 3944; x_wconf 83' lang='lat' dir='ltr'><strong>eat</strong></span> <span class='ocrx_word' id='word_1_310' title='bbox 520 3895 605 3945; x_wconf 85' lang='lat' dir='ltr'><strong>before</strong></span> <span class='ocrx_word' id='word_1_311' title='bbox 617 3895 813 3961; x_wconf 82' lang='lat' dir='ltr'><strong>formaret)P1.,</strong></span> <span class='ocrx_word' id='word_1_312' title='bbox 826 3894 942 3961; x_wconf 82' lang='lat' dir='ltr'><strong>(reading</strong></span> <span class='ocrx_word' id='word_1_313' title='bbox 953 3897 1038 3944; x_wconf 77' lang='lat' dir='ltr'><strong>dieue</strong></span> <span class='ocrx_word' id='word_1_314' title='bbox 1049 3896 1090 3945; x_wconf 82' lang='lat' dir='ltr'><strong>for</strong></span> <span class='ocrx_word' id='word_1_315' title='bbox 1101 3893 1246 3962; x_wconf 75' lang='lat' dir='ltr'><strong>defectibus)</strong></span> <span class='ocrx_word' id='word_1_316' title='bbox 1259 3900 1276 3946; x_wconf 83' lang='grc'><em>0</em></span> <span class='ocrx_word' id='word_1_317' title='bbox 1286 3895 1328 3944; x_wconf 84' lang='lat' dir='ltr'><strong>El.</strong></span> 
     </span>
     <span class='ocr_line' id='line_1_35' title="bbox 169 3975 1329 4040; baseline 0.001 -15"><span class='ocrx_word' id='word_1_318' title='bbox 169 3975 230 4036; x_wconf 86' lang='lat' dir='ltr'><strong>Reg.</strong></span> <span class='ocrx_word' id='word_1_319' title='bbox 244 3975 343 4026; x_wconf 86' lang='lat' dir='ltr'><strong>Manut.</strong></span> <span class='ocrx_word' id='word_1_320' title='bbox 360 3975 502 4040; x_wconf 79' lang='lat' dir='ltr'><strong>(desectibru</strong></span> <span class='ocrx_word' id='word_1_321' title='bbox 515 3991 567 4026; x_wconf 87' lang='lat' dir='ltr'><strong>was</strong></span> <span class='ocrx_word' id='word_1_322' title='bbox 582 3975 706 4040; x_wconf 84' lang='lat' dir='ltr'><strong>probably</strong></span> <span class='ocrx_word' id='word_1_323' title='bbox 717 3976 826 4028; x_wconf 89' lang='lat' dir='ltr'><strong>omitted</strong></span> <span class='ocrx_word' id='word_1_324' title='bbox 837 3976 916 4026; x_wconf 87' lang='lat' dir='ltr'><strong>below</strong></span> <span class='ocrx_word' id='word_1_325' title='bbox 927 3976 944 4028; x_wconf 93' lang='lat' dir='ltr'><strong>l.</strong></span> <span class='ocrx_word' id='word_1_326' title='bbox 960 3977 998 4035; x_wconf 82' lang='lat'><strong>13,</strong></span> <span class='ocrx_word' id='word_1_327' title='bbox 1011 3975 1075 4026; x_wconf 90' lang='lat' dir='ltr'><strong>then</strong></span> <span class='ocrx_word' id='word_1_328' title='bbox 1092 3975 1175 4026; x_wconf 87' lang='lat' dir='ltr'><strong>added</strong></span> <span class='ocrx_word' id='word_1_329' title='bbox 1186 3975 1215 4024; x_wconf 87' lang='lat' dir='ltr'><strong>iu</strong></span> <span class='ocrx_word' id='word_1_330' title='bbox 1226 3976 1329 4038; x_wconf 81' lang='lat' dir='ltr'><strong>margin</strong></span> 
     </span>
     <span class='ocr_line' id='line_1_36' title="bbox 169 4057 1328 4126; baseline 0.002 -18"><span class='ocrx_word' id='word_1_331' title='bbox 169 4057 222 4108; x_wconf 87' lang='lat' dir='ltr'><strong>and</strong></span> <span class='ocrx_word' id='word_1_332' title='bbox 233 4058 347 4121; x_wconf 80' lang='lat' dir='ltr'><strong>wrongly</strong></span> <span class='ocrx_word' id='word_1_333' title='bbox 358 4059 514 4110; x_wconf 82' lang='lat' dir='ltr'><strong>transferred</strong></span> <span class='ocrx_word' id='word_1_334' title='bbox 531 4063 558 4110; x_wconf 91' lang='lat' dir='ltr'><strong>tc</strong></span> <span class='ocrx_word' id='word_1_335' title='bbox 578 4060 632 4110; x_wconf 89' lang='lat' dir='ltr'><strong>this</strong></span> <span class='ocrx_word' id='word_1_336' title='bbox 649 4061 743 4124; x_wconf 86' lang='lat' dir='ltr'><strong>place).</strong></span> <span class='ocrx_word' id='word_1_337' title='bbox 843 4061 873 4110; x_wconf 87' lang='grc'><strong>13</strong></span> <span class='ocrx_word' id='word_1_338' title='bbox 891 4069 943 4111; x_wconf 82' lang='lat' dir='ltr'><strong>tam</strong></span> <span class='ocrx_word' id='word_1_339' title='bbox 954 4063 1089 4126; x_wconf 76' lang='lat' dir='ltr'><strong>defectibus</strong></span> <span class='ocrx_word' id='word_1_340' title='bbox 1106 4063 1135 4110; x_wconf 82' lang='lat' dir='ltr'><strong>ia</strong></span> <span class='ocrx_word' id='word_1_341' title='bbox 1151 4063 1231 4110; x_wconf 81' lang='lat' dir='ltr'><strong>initia</strong></span> <span class='ocrx_word' id='word_1_342' title='bbox 1246 4075 1328 4110; x_wconf 81' lang='lat' dir='ltr'><strong>recur-</strong></span> 
     </span>
     <span class='ocr_line' id='line_1_37' title="bbox 168 4141 1329 4206; baseline -0.002 -14"><span class='ocrx_word' id='word_1_343' title='bbox 168 4144 244 4192; x_wconf 78' lang='lat' dir='ltr'><strong>rendo</strong></span> <span class='ocrx_word' id='word_1_344' title='bbox 254 4143 283 4191; x_wconf 89' lang='lat' dir='ltr'><strong>in</strong></span> <span class='ocrx_word' id='word_1_345' title='bbox 294 4157 375 4204; x_wconf 84' lang='lat' dir='ltr'><strong>marg.</strong></span> <span class='ocrx_word' id='word_1_346' title='bbox 392 4141 420 4190; x_wconf 83' lang='lat' dir='ltr'><strong>oi</strong></span> <span class='ocrx_word' id='word_1_347' title='bbox 433 4143 465 4191; x_wconf 93' lang='lat' dir='ltr'><strong>B.</strong></span> <span class='ocrx_word' id='word_1_348' title='bbox 571 4143 602 4191; x_wconf 87' lang='grc'><strong>14</strong></span> <span class='ocrx_word' id='word_1_349' title='bbox 619 4145 753 4205; x_wconf 69' lang='lat' dir='ltr'><strong>aquilonia</strong></span> <span class='ocrx_word' id='word_1_350' title='bbox 765 4141 840 4200; x_wconf 67' lang='grc' dir='ltr'><strong>ΕΗΒ,</strong></span> <span class='ocrx_word' id='word_1_351' title='bbox 853 4144 986 4206; x_wconf 74' lang='lat' dir='ltr'><strong>equitante</strong></span> <span class='ocrx_word' id='word_1_352' title='bbox 1000 4141 1044 4192; x_wconf 82' lang='lat' dir='ltr'><strong>XB</strong></span> <span class='ocrx_word' id='word_1_353' title='bbox 1058 4142 1159 4201; x_wconf 52' lang='lat' dir='ltr'><strong>ona,</strong></span> <span class='ocrx_word' id='word_1_354' title='bbox 1172 4141 1329 4205; x_wconf 76' lang='lat' dir='ltr'><strong>equibucris</strong></span> 
     </span>
     <span class='ocr_line' id='line_1_38' title="bbox 168 4223 1328 4288; baseline 0 -14"><span class='ocrx_word' id='word_1_355' title='bbox 168 4223 236 4282; x_wconf 79' lang='lat' dir='ltr'><strong>Asc..</strong></span> <span class='ocrx_word' id='word_1_356' title='bbox 249 4226 404 4288; x_wconf 76' lang='lat' dir='ltr'><strong>aquilonalia</strong></span> <span class='ocrx_word' id='word_1_357' title='bbox 416 4223 553 4278; x_wconf 83' lang='lat' dir='ltr'><strong>U÷Mara</strong></span> <span class='ocrx_word' id='word_1_358' title='bbox 621 4233 673 4274; x_wconf 81' lang='lat' dir='ltr'><strong>ram</strong></span> <span class='ocrx_word' id='word_1_359' title='bbox 685 4223 746 4287; x_wconf 71' lang='lat'><strong>(2¹¹⁶)</strong></span> <span class='ocrx_word' id='word_1_360' title='bbox 758 4224 891 4284; x_wconf 64' lang='lat' dir='ltr'><strong>Vnum,</strong></span> <span class='ocrx_word' id='word_1_361' title='bbox 904 4232 948 4274; x_wconf 84' lang='lat' dir='ltr'><strong>cat</strong></span> <span class='ocrx_word' id='word_1_362' title='bbox 959 4223 1092 4274; x_wconf 81' lang='lat' dir='ltr'><strong>ABcuPa</strong></span> <span class='ocrx_word' id='word_1_363' title='bbox 1104 4224 1161 4276; x_wconf 79' lang='lat' dir='ltr'><strong>Oxi.</strong></span> <span class='ocrx_word' id='word_1_364' title='bbox 1230 4225 1259 4273; x_wconf 83' lang='lat' dir='ltr'><strong>in</strong></span> <span class='ocrx_word' id='word_1_365' title='bbox 1270 4237 1328 4283; x_wconf 79' lang='lat' dir='ltr'><strong>uss,</strong></span> 
     </span>
     <span class='ocr_line' id='line_1_39' title="bbox 169 4304 1328 4366; baseline 0.001 -11"><span class='ocrx_word' id='word_1_366' title='bbox 169 4307 228 4355; x_wconf 85' lang='lat' dir='ltr'><strong>iude</strong></span> <span class='ocrx_word' id='word_1_367' title='bbox 240 4309 270 4355; x_wconf 82' lang='lat' dir='ltr'><strong>in</strong></span> <span class='ocrx_word' id='word_1_368' title='bbox 281 4306 324 4355; x_wconf 88' lang='lat' dir='ltr'><strong>Or.</strong></span> <span class='ocrx_word' id='word_1_369' title='bbox 337 4305 384 4356; x_wconf 89' lang='lat' dir='ltr'><strong>Ba.</strong></span> <span class='ocrx_word' id='word_1_370' title='bbox 397 4306 460 4366; x_wconf 83' lang='lat' dir='ltr'><strong>Mu,</strong></span> <span class='ocrx_word' id='word_1_371' title='bbox 473 4309 512 4357; x_wconf 82' lang='lat' dir='ltr'><strong>ite</strong></span> <span class='ocrx_word' id='word_1_372' title='bbox 524 4310 554 4357; x_wconf 81' lang='lat' dir='ltr'><strong>in</strong></span> <span class='ocrx_word' id='word_1_373' title='bbox 566 4306 635 4365; x_wconf 67' lang='lat' dir='ltr'><strong>seh„</strong></span> <span class='ocrx_word' id='word_1_374' title='bbox 647 4323 707 4356; x_wconf 81' lang='lat' dir='ltr'><strong>cam</strong></span> <span class='ocrx_word' id='word_1_375' title='bbox 719 4309 749 4356; x_wconf 84' lang='lat' dir='ltr'><strong>ic</strong></span> <span class='ocrx_word' id='word_1_376' title='bbox 760 4305 855 4356; x_wconf 88' lang='lat' dir='ltr'><strong>Heind.</strong></span> <span class='ocrx_word' id='word_1_377' title='bbox 961 4307 993 4354; x_wconf 83' lang='lat'><strong>23</strong></span> <span class='ocrx_word' id='word_1_378' title='bbox 1010 4307 1103 4356; x_wconf 77' lang='lat' dir='ltr'><strong>odeum</strong></span> <span class='ocrx_word' id='word_1_379' title='bbox 1118 4304 1225 4356; x_wconf 88' lang='lat' dir='ltr'><strong>Moser’s</strong></span> <span class='ocrx_word' id='word_1_380' title='bbox 1237 4305 1259 4356; x_wconf 91' lang='lat'>0</span> <span class='ocrx_word' id='word_1_381' title='bbox 1271 4305 1328 4356; x_wconf 86' lang='lat' dir='ltr'><strong>edd.</strong></span> 
     </span>
    </p>

    <p class='ocr_par' dir='ltr' id='par_1_7' title="bbox 155 4385 1330 4524">
     <span class='ocr_line' id='line_1_40' title="bbox 155 4385 1330 4451; baseline 0 -13"><span class='ocrx_word' id='word_1_382' title='bbox 155 4386 236 4438; x_wconf 84' lang='lat' dir='ltr'><strong>&#39;after</strong></span> <span class='ocrx_word' id='word_1_383' title='bbox 250 4385 349 4444; x_wconf 69' lang='lat' dir='ltr'><strong>Ursin„</strong></span> <span class='ocrx_word' id='word_1_384' title='bbox 369 4390 461 4438; x_wconf 78' lang='lat' dir='ltr'><strong>abeant</strong></span> <span class='ocrx_word' id='word_1_385' title='bbox 480 4403 539 4448; x_wconf 82' lang='lat' dir='ltr'><strong>uss,</strong></span> <span class='ocrx_word' id='word_1_386' title='bbox 557 4391 646 4440; x_wconf 78' lang='lat' dir='ltr'><strong>obeant</strong></span> <span class='ocrx_word' id='word_1_387' title='bbox 665 4389 723 4440; x_wconf 86' lang='lat' dir='ltr'><strong>Asc.</strong></span> <span class='ocrx_word' id='word_1_388' title='bbox 837 4387 870 4437; x_wconf 73' lang='lat' dir='ltr'><strong>si</strong></span> <span class='ocrx_word' id='word_1_389' title='bbox 887 4395 969 4438; x_wconf 82' lang='lat' dir='ltr'><strong>actem</strong></span> <span class='ocrx_word' id='word_1_390' title='bbox 988 4387 1032 4451; x_wconf 88' lang='lat' dir='ltr'><strong>[X]</strong></span> <span class='ocrx_word' id='word_1_391' title='bbox 1053 4387 1109 4440; x_wconf 78' lang='lat' dir='ltr'><strong>Oxi.</strong></span> <span class='ocrx_word' id='word_1_392' title='bbox 1136 4386 1203 4449; x_wconf 83' lang='lat' dir='ltr'><strong>Asc,</strong></span> <span class='ocrx_word' id='word_1_393' title='bbox 1229 4401 1281 4439; x_wconf 92' lang='lat' dir='ltr'><strong>om.</strong></span> <span class='ocrx_word' id='word_1_394' title='bbox 1305 4386 1330 4438; x_wconf 81' lang='lat' dir='ltr'><strong>G</strong></span> 
     </span>
     <span class='ocr_line' id='line_1_41' title="bbox 172 4469 417 4524; baseline 0.008 -3"><span class='ocrx_word' id='word_1_395' title='bbox 172 4469 237 4521; x_wconf 86' lang='lat' dir='ltr'><strong>Bed.</strong></span> <span class='ocrx_word' id='word_1_396' title='bbox 249 4469 343 4521; x_wconf 91' lang='lat' dir='ltr'><strong>Heind.</strong></span> <span class='ocrx_word' id='word_1_397' title='bbox 360 4470 417 4524; x_wconf 80' lang='lat' dir='ltr'><strong>Sch.</strong></span> 
     </span>
    </p>
   </div>
   <div class='ocr_carea' id='block_1_7' title="bbox 0 0 1601 4990">
    <p class='ocr_par' dir='ltr' id='par_1_8' title="bbox 0 0 1601 4990">
     <span class='ocr_line' id='line_1_42' title="bbox 0 0 1601 4990; baseline 0 0"><span class='ocrx_word' id='word_1_398' title='bbox 0 0 1601 4990; x_wconf 95' lang='lat' dir='ltr'><strong> </strong></span> 
     </span>
    </p>
   </div>
  </div>
 </body>
</html>
