3174 4990
243 415 284 476 18
627 425 674 472 aa
697 424 838 474 aarum
860 424 1014 475 uuonan

240 597 388 662 quaeque
399 575 482 640 nihil
497 575 681 662 asperitatis
695 575 824 653 habere,
832 575 916 640 nihil
927 575 1112 641 offensionis
1126 582 1243 661 potest,
1254 574 1337 639 nihil
1348 574 1398 639 in-

240 678 342 744 cisum
358 678 494 764 angulis,
509 678 592 743 nihil
607 679 814 758 anfractibus,
827 679 909 743 nihil
924 678 1079 755 eminens,
1094 677 1176 741 nihil
1190 677 1399 742 lacunosum?

239 807 379 871 cumque
405 786 489 851 duae
514 785 637 850 formae
662 786 957 871 praestantissimae
982 786 1057 862 sint,
1083 806 1123 849 ex
1149 783 1259 848 solidis
1284 783 1398 870 globus

241 888 300 973 (sic
315 888 403 953 enim
419 893 566 976 σφαῖραν
581 889 786 974 interpretari
806 887 934 973 placet),
949 910 989 952 ex
1006 887 1112 973 planis
1132 894 1242 951 autem
1261 886 1398 950 circulus

240 999 299 1056 aut
313 992 408 1072 orbis,
424 993 482 1078 qui
497 992 617 1062 κύκλος
633 992 754 1058 Graece
770 992 897 1070 dicitur,
908 992 959 1057 his
975 992 1100 1056 duabus
1114 991 1224 1056 formis
1239 990 1398 1075 contingit
1432 1007 1448 1069 5

240 1097 325 1176 solis,
335 1107 375 1162 ut
386 1120 497 1163 omnes
512 1120 624 1163 earum
639 1106 747 1183 partes
762 1099 828 1162 sint
843 1098 930 1163 inter
945 1121 979 1162 se
994 1097 1177 1162 simillimae
1193 1119 1213 1160 a
1227 1095 1397 1180 medioque

239 1202 430 1268 tantundem
445 1201 584 1288 undique
612 1202 697 1266 absit
719 1210 910 1279 extremum,
931 1224 995 1287 quo
1015 1202 1098 1266 nihil
1117 1201 1187 1267 fieri
1210 1208 1321 1292 potest·
1341 1221 1396 1284 ap-

188 1306 227 1367 48
239 1305 313 1388 tius.
358 1305 425 1371 Sed
446 1305 474 1370 si
492 1305 571 1371 haec
591 1328 656 1370 non
673 1305 801 1384 videtis,
815 1306 893 1391 quia
915 1328 1094 1391 numquam
1117 1305 1281 1370 eruditum
1303 1304 1397 1368 illum

239 1409 407 1494 pulverem
431 1407 594 1494 attigistis,
608 1430 650 1472 ne
668 1407 729 1473 hoc
747 1409 878 1493 quidem
895 1408 1020 1494 physici
1034 1408 1222 1494 intellegere
1237 1407 1397 1493 potuistis

239 1511 323 1576 hanc
355 1511 621 1597 aequabilitatem
651 1519 758 1576 motus
787 1511 1067 1597 constantiamque
1092 1511 1241 1576 ordinum
1269 1511 1305 1575 in
1334 1510 1398 1576 alia
1414 1531 1450 1572 ιο

238 1613 342 1700 figura
355 1636 420 1678 uon
434 1613 577 1699 potuisse
592 1613 727 1680 servarit
760 1614 878 1700 Itaque
894 1615 977 1679 nihil
990 1622 1097 1700 potest
1111 1614 1283 1693 indoctius,
1299 1635 1398 1699 quam

238 1717 324 1801 quod
345 1739 365 1781 a
386 1716 476 1782 vobis
496 1707 648 1782 affirmari
670 1717 760 1783 solet.
805 1719 876 1783 Nec
894 1719 982 1783 enim
1002 1718 1088 1783 hunc
1110 1719 1217 1803 ipsum
1237 1717 1397 1782 mundum

238 1841 296 1905 pro
320 1827 407 1885 certo
430 1820 608 1885 rotundum
635 1842 704 1885 esse
728 1821 852 1902 dicitis;
883 1844 960 1886 nam
983 1843 1076 1907 posse
1101 1821 1179 1898 fieri,
1202 1810 1241 1886 ut
1268 1822 1311 1886 sit
1334 1821 1397 1886 alie

187 1922 225 1982 42
238 1921 351 2009 figura,
372 1923 689 2010 innumerabilesque
709 1925 847 2010 mundos
869 1925 948 1991 elios
966 1926 1102 1990 aliarum
1122 1947 1191 1990 esse
1213 1926 1395 1991 formarum.

239 2023 339 2104 Quae,
364 2025 401 2104 si,
425 2025 475 2090 bis
499 2025 577 2092 bina
600 2035 680 2112 quot
706 2035 821 2106 essent,
844 2028 1007 2093 didicisset
1031 2028 1198 2114 Epicurus,
1222 2037 1308 2094 certe
1330 2051 1397 2093 non
1414 2050 1447 2112 15

238 2127 378 2208 diceret;
409 2128 465 2192 sed
490 2128 569 2193 dum
592 2130 711 2215 palate,
743 2130 823 2216 quid
853 2131 895 2196 sit
926 2131 1096 2216 optimum,
1118 2131 1253 2217 judicat,
1284 2131 1396 2196 ‘caeli

237 2230 424 2316 palatum,'
436 2240 475 2298 ut
484 2232 531 2297 ait
542 2233 676 2312 Ennius,
686 2257 752 2298 non
765 2235 919 2321 suspexit.
953 2235 1044 2301 XIX.
1077 2235 1164 2299 Nam
1176 2256 1250 2298 cum
1258 2235 1322 2299 duo
1331 2234 1397 2299 sint

237 2359 356 2423 genera
378 2337 529 2417 siderum,
547 2361 686 2424 quorum
704 2340 843 2405 alterum
863 2341 975 2426 spatiis
993 2340 1252 2404 immutabilibus
1267 2341 1308 2405 ab
1323 2349 1396 2405 ortu

237 2443 279 2507 ad
302 2464 449 2508 occasum
475 2467 658 2510 commeans
684 2446 812 2511 nullum
833 2469 993 2532 ,umquam
1020 2468 1130 2511 cursus
1152 2445 1202 2510 sui
1222 2444 1397 2531 vestigium

237 2545 391 2626 inflectat,
422 2547 561 2612 alterum
595 2557 706 2614 autem
732 2523 905 2614 bontiriuas
936 2549 1155 2614 conversiones
1185 2547 1265 2612 duas
1294 2547 1397 2611 isdem
1412 2575 1449 2614 20

237 2648 350 2732 spatiis
372 2649 582 2735 cursibusque
608 2651 763 2728 conficiat,
788 2674 828 2716 ex
854 2659 993 2737 utraque
1016 2673 1050 2716 re
1075 2659 1109 2717 et
1135 2651 1249 2715 mundi
1272 2650 1396 2714 volubi-

236 2751 321 2830 litas,
336 2774 420 2837 quae
443 2753 506 2817 nisi
530 2754 564 2818 in
587 2753 717 2840 globosa
738 2755 841 2819 forma
864 2776 933 2818 esse
957 2777 1022 2818 non
1044 2763 1211 2838 posset‚et
1231 2754 1397 2819 stellarum

236 2855 367 2919 rotundi
396 2855 538 2921 ambitus
568 2866 808 2942 cognoscuntur.
854 2859 1048 2942 Primusque
1078 2858 1134 2936 sol,
1156 2858 1213 2944 qui
1239 2868 1396 2926 astrorum

160 2993 163 3002 =
236 2965 329 3022 tenet
350 2958 577 3043 principatum,
592 2960 640 3024 ita
662 2970 818 3038 movetur,
834 2969 881 3037 ut,
897 2984 971 3025 cum
993 2969 1095 3026 terras
1110 2962 1199 3047 larga
1220 2963 1291 3028 luce
1312 2985 1397 3027 com-

236 3060 382 3146 pleverit,
413 3062 543 3126 easdem
572 3063 667 3128 modo
698 3064 755 3142 his,
787 3064 882 3129 modo
914 3047 978 3129 illis
1014 3087 1054 3130 ex
1086 3066 1234 3151 partibus
1266 3076 1398 3153 opacet3
1412 3092 1447 3154 25

236 3165 307 3250 ipsa
332 3165 418 3230 enim
446 3168 561 3232 umbra
590 3177 696 3234 terrae
723 3167 782 3234 soli
807 3168 948 3250 officiens
974 3179 1101 3235 noctem
1129 3171 1244 3252 efficit3
1269 3180 1397 3237 noctur-

236 3292 353 3335 norum
377 3279 499 3345 autem
514 3273 692 3357 spatiorum
722 3275 835 3340 eadem
865 3283 914 3340 est
944 3275 1166 3360 aequabilitas,
1195 3297 1278 3360 quae
1308 3277 1396 3342 diur-

286 3435 301 3482 3
313 3434 548 3497 praestantissimae
565 3435 666 3485 Nonius
680 3450 705 3498 p.
717 3437 765 3486 432
777 3436 854 3487 Klotz
867 3437 970 3497 Forch„
979 3442 1136 3502 praestantis
1153 3439 1230 3498 AVB,
1238 3449 1396 3503 praestantes

237 3528 286 3564 uss
297 3514 436 3576 generally.
537 3515 553 3562 4
571 3519 675 3580 σφαῖραν
693 3515 759 3574 edd..
771 3519 887 3581 spluram
903 3533 933 3567 or
948 3533 1045 3582 speram
1062 3533 1119 3568 uss.
1217 3522 1325 3570 circulus
1337 3535 1395 3581 uss,

236 3599 318 3648 circus
335 3597 435 3648 Nonius
451 3597 516 3648 Dav.
616 3601 631 3649 5
648 3603 734 3650 κύκλος
750 3599 817 3662 edd,
837 3604 914 3651 ciclus
932 3616 961 3651 or
977 3605 1060 3666 cyclus
1079 3615 1139 3651 uss.
1238 3603 1253 3653 6
1269 3594 1408 3667 taedioque

236 3681 383 3730 tantundem
394 3682 504 3744 undique
516 3682 582 3730 absit
593 3681 653 3740 Ed..
665 3684 794 3746 medioque
812 3687 958 3734 tantundem
968 3701 1088 3735 summum
1098 3687 1165 3735 absit
1176 3693 1199 3735 et
1210 3685 1293 3745 Allan,
1304 3690 1395 3738 medio·

236 3777 283 3826 que
299 3763 391 3826 ubique
410 3764 557 3812 tantundem
572 3765 639 3813 absit
654 3763 730 3814 Klotz
751 3763 830 3824 acha,
843 3768 970 3830 medioque
987 3768 1133 3816 tantundem
1144 3769 1210 3816 absit
1222 3769 1263 3819 Or.
1278 3769 1324 3819 Ba.
1341 3769 1395 3818 Mu.

237 3839 508 3890 alterutrarum.
521 3841 638 3890 Schneid.
651 3856 673 3890 11
683 3857 708 3903 p.
724 3843 780 3900 140,
792 3841 920 3907 medioque
932 3852 1030 3896 tautum
1042 3846 1108 3894 absit
1120 3859 1169 3894 uss
1181 3846 1242 3909 (exc.
1251 3849 1354 3896 tandum
1362 3847 1394 3908 Β)

238 3919 319 3972 Sena
419 3923 434 3972 7
451 3929 586 3971 eutremum
602 3922 733 3981 XBHEG,
752 3930 886 3974 extremum
901 3933 1021 3988 quantum
1037 3928 1103 3975 idem
1118 3942 1240 3978 asumma
1255 3927 1314 3977 UVl
1329 3928 1391 3980 Red.

236 4001 398 4061 Asafflch„
414 4011 464 4052 eat.
481 4019 505 4067 q.
524 4005 631 4052 medium
647 4019 773 4053 asumma
790 4005 854 4056 Dav.
869 4005 965 4056 Heind.
1067 4008 1098 4056 10
1115 4010 1321 4071 aequabilitatem
1331 4008 1394 4058 Red.

236 4089 258 4134 lt
269 4082 335 4145 add„
350 4087 530 4147 aequalitatem
541 4099 590 4134 uss
601 4085 739 4148 generally.
839 4088 869 4136 11
883 4095 967 4150 potest
975 4088 1146 4147 scaevus,
1155 4097 1237 4152 potest
1248 4105 1297 4139 esse
1310 4091 1352 4153 [B]
1361 4091 1395 4140 Vl

237 4164 295 4216 Oxl.
309 4164 367 4216 Asc.
377 4164 462 4218 ÷edd.
563 4167 593 4216 15
611 4174 671 4230 quot
683 4167 831 4219 OEPWGH
843 4169 901 4218 Oxf.
913 4168 986 4227 ned,
998 4171 1063 4232 quod
1075 4170 1235 4233 AB1V1UBo‚
1249 4173 1311 4234 quid
1325 4173 1394 4222 Bln.

237 4248 267 4296 21
285 4249 402 4312 conficiat
419 4247 465 4298 ΕΒ
483 4247 517 4312 by
533 4252 745 4313 corr.,conseciat
760 4250 914 4314 libycum..
930 4253 1053 4316 conjectat
1071 4253 1356 4324 OEPBLUT,eanseeta
1372 4255 1395 4305 V

237 4329 338 4384 Oxl.÷.
426 4331 458 4380 22
472 4339 564 4396 poscet,
573 4339 656 4395 potest
668 4331 701 4382 G.
795 4333 826 4384 26
844 4336 973 4398 afficientis
986 4335 1082 4385 Gesner
1093 4333 1189 4385 Heind.
1276 4337 1308 4389 27
1325 4339 1395 4388 diur-

235 4425 331 4471 norum,
342 4412 377 4476 by
388 4427 453 4464 corr.
466 4415 498 4465 fr.
510 4417 653 4466 divmarum
664 4416 718 4466 AV.
