3174 4990
216 409 259 473 30
601 422 648 470 ou
670 421 812 472 urruns
834 423 988 472 unorum

214 569 361 661 nomines
388 567 579 654 pervenisse,
609 567 651 632 ob
680 589 816 654 eamque
845 590 975 633 causam
1014 568 1172 655 majorum
1211 566 1372 632 institutis

214 670 314 750 inens,
338 670 426 751 tides,
450 671 560 749 virtus,
583 671 751 736 concordia
772 680 975 737 consecratae
998 681 1031 738 et
1053 673 1182 758 publice
1204 672 1371 738 dedicatae

160 781 190 858 ί
215 786 301 842 sunt.
347 777 439 858 Quae
461 777 518 862 qui
539 777 690 842 convenit
710 798 810 862 penes
830 776 906 842 deos
927 799 996 843 esse
1018 800 1144 864 negare,
1161 800 1235 842 cum
1259 800 1370 842 eorum

214 891 352 969 augusta
366 890 399 948 et
415 889 526 948 sancta
540 883 711 947 simulacra
726 888 939 948 veneremur?
976 883 1100 964 Quodsi
1114 883 1201 948 inest
1216 884 1251 948 in
1265 882 1369 948 horni-

213 1007 293 1049 num
308 1007 425 1071 genere
444 1007 545 1062 mens,
561 984 650 1063 fides
665 984 776 1062 virtus,
792 985 968 1062 eoncordia,
986 987 1073 1052 unde
1094 985 1174 1050 haec
1194 986 1228 1050 in
1251 992 1367 1050 terrem
1403 1007 1420 1070 5

213 1089 276 1154 nisi
301 1088 343 1154 ab
369 1089 492 1175 superis
515 1089 656 1154 defluere
682 1094 882 1173 potuerunt?
938 1088 1087 1175 Cumque
1117 1090 1182 1154 sint
1211 1088 1245 1153 in
1275 1089 1367 1153 nobis

213 1191 391 1270 consilium,
413 1191 505 1270 ratio,
527 1191 708 1277 prudentie,
732 1213 860 1256 necesse
882 1200 932 1256 est
954 1192 1030 1257 deos
1057 1193 1135 1256 haec
1157 1193 1227 1278 ipsa
1248 1190 1376 1262 hebere

118 1328 120 1335 ¹
212 1297 342 1383 majora,
356 1319 416 1361 nec
430 1297 549 1361 habere
565 1296 678 1371 solum,
695 1295 751 1360 sed
766 1295 866 1361 etiam
881 1296 932 1361 his
948 1297 997 1362 uti
1020 1298 1055 1361 in
1070 1297 1220 1362 maximis
1235 1304 1269 1362 et
1284 1296 1367 1380 opti-

161 1411 200 1471 80
212 1400 274 1464 mis
289 1400 393 1465 rebus
438 1398 532 1462 Nihil
549 1405 660 1462 eutem
674 1419 734 1462 nec
749 1398 855 1484 majus
870 1421 930 1464 nec
945 1400 1061 1465 melius
1076 1400 1197 1465 mundo
1209 1424 1217 1479 ;
1238 1421 1367 1465 necesse

212 1513 261 1570 est
290 1527 365 1591 ergo
391 1525 466 1569 eum
498 1503 630 1568 deorum
661 1503 792 1569 oonsilio
831 1512 864 1569 et
902 1505 1104 1589 providentia
1140 1504 1366 1570 administrari.
1383 1527 1420 1567 10

212 1611 378 1675 Postremo
394 1631 468 1674 curn
483 1608 562 1673 satis
577 1608 780 1673 docuerimus
796 1609 853 1673 hos
868 1631 937 1673 esse
953 1608 1037 1689 deos,
1052 1633 1190 1694 quorum
1206 1609 1367 1694 insignem

211 1714 279 1778 vim
303 1721 336 1778 et
359 1712 519 1776 illustrem
547 1711 662 1776 faciem
688 1710 879 1787 videremus,
905 1713 1005 1777 solem
1036 1713 1107 1777 dico
1138 1720 1172 1777 et
1195 1712 1308 1777 lunam
1323 1709 1366 1778 'et

210 1801 307 1902 uagas
337 1815 446 1880 stellas
472 1823 506 1879 et
534 1815 713 1879 inerrantes
742 1823 776 1879 et
805 1815 930 1879 caelum
957 1823 991 1880 et
1016 1815 1175 1880 mundum
1200 1816 1307 1901 ipsum
1332 1823 1367 1880 et

211 1942 322 1984 earum
344 1941 452 1984 rerum
475 1919 549 1994 vim,
565 1939 648 2002 quae
670 1907 814 1982 inessent
836 1918 871 1981 in
894 1917 984 1982 omni
1006 1918 1129 1983 mundo
1152 1941 1226 1982 curn
1248 1941 1365 2004 magno

211 2046 272 2089 usu
287 2034 321 2089 et
336 2023 566 2104 commoditate
581 2023 707 2108 generis
728 2023 872 2101 humani,
886 2022 1024 2089 efficitur
1038 2024 1147 2089 omnia
1168 2024 1236 2109 regi
1256 2023 1366 2088 divina
1382 2042 1416 2105 15

211 2136 320 2193 mente
350 2135 447 2212 atque
477 2125 657 2210 prudentia.
712 2125 762 2190 Ac
791 2127 831 2191 de
862 2127 967 2212 prime
996 2127 1129 2213 quidem
1159 2135 1251 2212 parte
1287 2127 1366 2192 satis

210 2233 334 2299 dictum
349 2240 406 2298 est.

159 2350 196 2409 81
275 2335 418 2402 XXXII.
464 2334 628 2419 Sequitur,
644 2342 683 2398 ut
698 2333 831 2398 doceam
850 2335 958 2400 omnia
973 2336 1119 2422 subjecta
1136 2351 1204 2400 esse
1219 2344 1364 2415 naturae,

211 2465 313 2528 eaque
327 2442 369 2506 ab
384 2462 424 2506 ea·
436 2440 652 2526 pulcherrime
667 2441 743 2526 geri.
789 2440 853 2505 Sed
869 2441 948 2526 quid
969 2442 1011 2506 sit
1031 2443 1102 2527 ipsa
1122 2451 1248 2521 natura,
1264 2443 1365 2529 expli-

210 2545 349 2610 candum
365 2552 414 2608 est
429 2551 506 2608 ente
521 2543 670 2619 breviter,
687 2565 750 2628 quo
764 2543 891 2608 facilius
909 2544 954 2623 id,
972 2545 1058 2629 quod
1079 2545 1191 2610 docere
1206 2547 1365 2626 volumus,
1381 2567 1418 2606 20

209 2650 356 2736 intellegi
371 2649 480 2735 possit.
525 2649 678 2734 Namque
693 2647 748 2712 alii
764 2655 916 2712 naturam
938 2670 1005 2713 esse
1021 2657 1155 2714 censent
1176 2651 1243 2714 vim
1263 2673 1366 2736 quan-

210 2755 285 2820 dam
305 2754 374 2819 sine
394 2753 519 2818 ratione
539 2753 679 2817 cientem
699 2760 806 2816 motus
825 2752 860 2816 in
883 2753 1067 2836 corporibus
1086 2755 1287 2831 necessarios,
1309 2754 1365 2818 alii

209 2867 321 2931 autern
336 2858 404 2922 vim
418 2857 610 2942 participem
625 2855 759 2920 rationis
779 2865 878 2941 atque
899 2856 1020 2921 ordinis
1042 2863 1211 2942 tamquam
1226 2857 1279 2921 via
1293 2879 1364 2943 pro-

209 2964 412 3049 gredientem
442 2961 735 3045 declarantemque,
764 2960 842 3045 quid
866 2960 1022 3046 cujusque
1049 2962 1096 3024 rei
1121 2983 1217 3025 causa
1238 2962 1365 3039 efficiat,

209 3069 288 3154 quid
311 3074 473 3152 sequatur,
497 3066 589 3151 cujus
612 3064 787 3129 sollertiam
810 3066 901 3130 nulla
923 3088 980 3143 ars,
1004 3066 1095 3130 nulla
1121 3088 1245 3145 manue,
1270 3089 1365 3132 nemo
1380 3082 1416 3144 25

168 3179 185 3230 1
209 3171 316 3256 opifex
331 3168 482 3254 consequi
496 3168 596 3254 possit
611 3168 788 3248 imitando;
810 3168 941 3233 seminis
957 3169 1045 3233 enim
1060 3169 1128 3233 vim
1144 3191 1211 3234 esse
1226 3178 1363 3251 tantam,

209 3282 248 3339 ut
262 3267 309 3350 id,
324 3261 524 3358 quamquam
543 3271 585 3336 sit
605 3273 829 3356 perexiguum,
845 3281 965 3348 tamen,
987 3273 1014 3336 si
1034 3271 1184 3337 inciderit
1205 3273 1240 3336 in
1261 3274 1365 3338 conci-

209 3378 354 3462 pientem
364 3374 755 3459 comprehendentemque
768 3383 918 3439 naturam
927 3383 1123 3460 nactumque
1134 3376 1177 3441 sit
1187 3377 1364 3454 materiam,

152 3508 174 3544 ·,
210 3505 275 3568 qua
300 3480 343 3545 ali
366 3479 541 3565 augerique
564 3479 674 3563 possit,
696 3479 744 3544 ita
765 3478 867 3564 fingat
890 3488 923 3543 et
946 3478 1066 3544 efficiat
1087 3480 1123 3543 in
1146 3503 1202 3545 suo
1224 3482 1364 3567 quicque

209 3608 336 3672 genere,
351 3584 471 3670 partim
486 3594 525 3648 ut
540 3591 670 3648 tantum
685 3584 781 3649 modo
796 3606 855 3670 per
870 3584 985 3669 stirpes
1001 3585 1131 3648 alantur
1146 3608 1229 3662 suas,
1245 3588 1364 3671 part-im
1380 3606 1418 3662 30

210 3699 249 3754 ut
272 3687 393 3753 moveri
419 3688 519 3753 etiam
549 3695 582 3752 et
613 3687 732 3752 sentire
763 3695 796 3751 et
823 3695 976 3772 appetere
1006 3688 1132 3773 possint
1162 3698 1196 3752 et
1227 3711 1267 3754 ex
1297 3712 1365 3755 sese

159 3792 329 3867 assimilia
350 3790 401 3854 sui
422 3790 563 3875 gignere.
613 3789 699 3854 Sunt
721 3798 841 3868 autern,
865 3791 921 3875 qui
944 3791 1054 3855 omnia
1075 3799 1211 3855 naturae
1233 3793 1365 3857 nomine

210 3897 384 3982 appellent,
409 3901 448 3958 ut
474 3894 640 3978 Epicurus,
670 3894 727 3979 qui
756 3894 805 3958 ita
835 3894 970 3959 dividit:
1003 3895 1158 3971 omnium,
1183 3917 1265 3980 quae
1292 3899 1365 3975 sint,

210 4009 360 4064 naturam
378 4019 447 4061 esse
466 4018 598 4081 corpore
619 4005 652 4060 et
672 3997 777 4074 inane,
792 4019 940 4082 quaeque
961 3997 1011 4062 his
1026 3997 1180 4064 accidant.
1227 3999 1293 4064 Sed
1308 4023 1365 4065 nos

259 4157 274 4205 8
292 4150 521 4214 1111,1110011]’.Μ11.
588 4152 603 4201 9
620 4159 702 4200 autem
710 4151 880 4214 Aeonum,
890 4160 973 4202 01111111
982 4153 1098 4216 crtV²÷,
1108 4162 1247 4204 autemcsrc
1257 4155 1362 4208 011011.

209 4239 273 4306 Asc..
335 4237 366 4286 19
382 4249 460 4297 eaque
472 4235 503 4282 at
515 4249 545 4308 ca
557 4247 605 4282 uss
616 4234 754 4298 generally,
764 4251 841 4299 caque
850 4236 890 4294 R,
900 4239 932 4286 ab
944 4253 1021 4300 caque
1032 4237 1108 4286 Allcn
1118 4237 1278 4304 (comparing
1288 4243 1301 4300 ἓ
1314 4241 1364 4301 75).

208 4325 263 4387 pert
274 4333 323 4370 uss
338 4317 477 4382 generally,
487 4319 541 4378 11191·
552 4316 575 4364 Ε
586 4316 645 4364 Asc.
741 4315 776 4367 '20
792 4321 903 4368 1101001111
915 4333 971 4381 uss,
985 4322 1089 4369 1101111101
1101 4335 1142 4383 cp.
1154 4320 1272 4370 Priscian
1284 4322 1364 4370 11118

211 4403 327 4475 t‘ooltm’
343 4401 511 4466 1110111101
527 4400 688 4464 proferebant
704 4402 806 4466 antiqui
823 4398 879 4466 110.)
894 4401 979 4452 Allen.
1077 4402 1109 4452 34
1127 4404 1167 4452 1111
1184 4403 1292 4455 Bscsv
1310 4404 1364 4454 Mu.
