<?xml version="1.0" encoding="UTF-8"?>
<!DOCTYPE html PUBLIC "-//W3C//DTD XHTML 1.0 Transitional//EN"
    "http://www.w3.org/TR/xhtml1/DTD/xhtml1-transitional.dtd">
<html xmlns="http://www.w3.org/1999/xhtml" xml:lang="en" lang="en">
 <head>
  <title>
</title>
<meta http-equiv="Content-Type" content="text/html;charset=utf-8" />
  <meta name='ocr-system' content='tesseract 3.04.00' />
  <meta name='ocr-capabilities' content='ocr_page ocr_carea ocr_par ocr_line ocrx_word'/>
</head>
<body>
  <div class='ocr_page' id='page_1' title='image "./mtulliiciceroni04swaigoog_0032.png"; bbox 0 0 3174 4990; ppageno 0'>
   <div class='ocr_carea' id='block_1_1' title="bbox 219 373 993 436">
    <p class='ocr_par' dir='ltr' id='par_1_1' title="bbox 219 373 993 436">
     <span class='ocr_line' id='line_1_1' title="bbox 219 373 993 436; baseline 0.003 -2"><span class='ocrx_word' id='word_1_1' title='bbox 219 373 239 434; x_wconf 56' lang='grc' dir='ltr'>ἓ</span> <span class='ocrx_word' id='word_1_2' title='bbox 605 385 653 434; x_wconf 78' lang='lat' dir='ltr'><strong>DE</strong></span> <span class='ocrx_word' id='word_1_3' title='bbox 674 383 817 436; x_wconf 70' lang='lat' dir='ltr'><strong>aarum</strong></span> <span class='ocrx_word' id='word_1_4' title='bbox 838 383 993 436; x_wconf 76' lang='lat' dir='ltr'><strong>DEORUM.</strong></span> 
     </span>
    </p>
   </div>
   <div class='ocr_carea' id='block_1_2' title="bbox 197 529 1551 2150">
    <p class='ocr_par' dir='ltr' id='par_1_2' title="bbox 222 529 1551 1548">
     <span class='ocr_line' id='line_1_2' title="bbox 287 529 1383 618; baseline 0 -22"><span class='ocrx_word' id='word_1_5' title='bbox 287 530 372 596; x_wconf 87' lang='lat' dir='ltr'><strong>Tum</strong></span> <span class='ocrx_word' id='word_1_6' title='bbox 398 531 542 597; x_wconf 83' lang='lat' dir='ltr'>Balbus:</span> <span class='ocrx_word' id='word_1_7' title='bbox 571 530 694 598; x_wconf 84' lang='lat' dir='ltr'><strong>Geram</strong></span> <span class='ocrx_word' id='word_1_8' title='bbox 719 532 782 597; x_wconf 87' lang='lat' dir='ltr'><strong>tibi</strong></span> <span class='ocrx_word' id='word_1_9' title='bbox 804 555 928 597; x_wconf 87' lang='lat' dir='ltr'><strong>morem</strong></span> <span class='ocrx_word' id='word_1_10' title='bbox 954 539 989 598; x_wconf 90' lang='lat' dir='ltr'><strong>et</strong></span> <span class='ocrx_word' id='word_1_11' title='bbox 1014 553 1110 618; x_wconf 84' lang='lat' dir='ltr'><strong>agam</strong></span> <span class='ocrx_word' id='word_1_12' title='bbox 1136 553 1235 618; x_wconf 89' lang='lat' dir='ltr'><strong>quam</strong></span> <span class='ocrx_word' id='word_1_13' title='bbox 1260 529 1383 598; x_wconf 90' lang='lat' dir='ltr'><strong>brevis-</strong></span> 
     </span>
     <span class='ocr_line' id='line_1_3' title="bbox 222 634 1384 720; baseline -0.001 -20"><span class='ocrx_word' id='word_1_14' title='bbox 222 634 303 700; x_wconf 89' lang='lat' dir='ltr'><strong>sime</strong></span> <span class='ocrx_word' id='word_1_15' title='bbox 328 643 460 720; x_wconf 90' lang='lat' dir='ltr'><strong>potero;</strong></span> <span class='ocrx_word' id='word_1_16' title='bbox 482 634 605 699; x_wconf 78' lang='lat' dir='ltr'>etenim</span> <span class='ocrx_word' id='word_1_17' title='bbox 623 634 778 700; x_wconf 82' lang='lat' dir='ltr'><strong>convictis</strong></span> <span class='ocrx_word' id='word_1_18' title='bbox 797 635 931 720; x_wconf 87' lang='lat' dir='ltr'><strong>Epicuri</strong></span> <span class='ocrx_word' id='word_1_19' title='bbox 951 635 1109 701; x_wconf 88' lang='lat' dir='ltr'><strong>erroribus</strong></span> <span class='ocrx_word' id='word_1_20' title='bbox 1130 635 1226 720; x_wconf 86' lang='lat' dir='ltr'><strong>longa</strong></span> <span class='ocrx_word' id='word_1_21' title='bbox 1246 635 1286 699; x_wconf 93' lang='lat' dir='ltr'><strong>de</strong></span> <span class='ocrx_word' id='word_1_22' title='bbox 1311 657 1384 699; x_wconf 88' lang='lat' dir='ltr'><strong>mea</strong></span> 
     </span>
     <span class='ocr_line' id='line_1_4' title="bbox 224 738 1385 824; baseline -0.001 -20"><span class='ocrx_word' id='word_1_23' title='bbox 224 738 445 824; x_wconf 89' lang='lat' dir='ltr'><strong>disputatione</strong></span> <span class='ocrx_word' id='word_1_24' title='bbox 460 738 606 804; x_wconf 87' lang='lat' dir='ltr'><strong>detracta</strong></span> <span class='ocrx_word' id='word_1_25' title='bbox 620 739 721 804; x_wconf 91' lang='lat' dir='ltr'><strong>oratio</strong></span> <span class='ocrx_word' id='word_1_26' title='bbox 737 747 794 805; x_wconf 87' lang='lat' dir='ltr'><strong>est</strong></span> <span class='ocrx_word' id='word_1_27' title='bbox 841 739 982 805; x_wconf 86' lang='lat' dir='ltr'><strong>Omnino</strong></span> <span class='ocrx_word' id='word_1_28' title='bbox 996 739 1149 805; x_wconf 90' lang='lat' dir='ltr'><strong>dividunt</strong></span> <span class='ocrx_word' id='word_1_29' title='bbox 1164 739 1266 804; x_wconf 89' lang='lat' dir='ltr'><strong>nostri</strong></span> <span class='ocrx_word' id='word_1_30' title='bbox 1280 747 1385 803; x_wconf 86' lang='lat' dir='ltr'><strong>totam</strong></span> 
     </span>
     <span class='ocr_line' id='line_1_5' title="bbox 224 840 1384 926; baseline -0.001 -21"><span class='ocrx_word' id='word_1_31' title='bbox 224 840 321 906; x_wconf 86' lang='lat' dir='ltr'><strong>istam</strong></span> <span class='ocrx_word' id='word_1_32' title='bbox 351 841 392 906; x_wconf 91' lang='lat' dir='ltr'><strong>de</strong></span> <span class='ocrx_word' id='word_1_33' title='bbox 422 841 473 906; x_wconf 89' lang='lat' dir='ltr'><strong>dis</strong></span> <span class='ocrx_word' id='word_1_34' title='bbox 502 841 739 906; x_wconf 88' lang='lat' dir='ltr'><strong>immortalibus</strong></span> <span class='ocrx_word' id='word_1_35' title='bbox 768 841 991 926; x_wconf 84' lang='lat' dir='ltr'><strong>quaestionem</strong></span> <span class='ocrx_word' id='word_1_36' title='bbox 1020 841 1056 905; x_wconf 94' lang='lat' dir='ltr'><strong>in</strong></span> <span class='ocrx_word' id='word_1_37' title='bbox 1084 849 1192 926; x_wconf 87' lang='lat' dir='ltr'><strong>partes</strong></span> <span class='ocrx_word' id='word_1_38' title='bbox 1221 848 1384 926; x_wconf 88' lang='lat' dir='ltr'><strong>quattuor.</strong></span> 
     </span>
     <span class='ocr_line' id='line_1_6' title="bbox 225 942 1437 1029; baseline -0.002 -19"><span class='ocrx_word' id='word_1_39' title='bbox 225 943 371 1010; x_wconf 92' lang='lat' dir='ltr'><strong>Primum</strong></span> <span class='ocrx_word' id='word_1_40' title='bbox 386 945 504 1010; x_wconf 90' lang='lat' dir='ltr'><strong>docent</strong></span> <span class='ocrx_word' id='word_1_41' title='bbox 524 967 592 1010; x_wconf 90' lang='lat' dir='ltr'><strong>esse</strong></span> <span class='ocrx_word' id='word_1_42' title='bbox 611 945 697 1023; x_wconf 90' lang='lat' dir='ltr'><strong>deos,</strong></span> <span class='ocrx_word' id='word_1_43' title='bbox 713 944 831 1010; x_wconf 89' lang='lat' dir='ltr'><strong>deinde</strong></span> <span class='ocrx_word' id='word_1_44' title='bbox 853 944 964 1029; x_wconf 90' lang='lat' dir='ltr'><strong>quales</strong></span> <span class='ocrx_word' id='word_1_45' title='bbox 984 945 1059 1021; x_wconf 90' lang='lat' dir='ltr'><strong>sint,</strong></span> <span class='ocrx_word' id='word_1_46' title='bbox 1073 952 1146 1009; x_wconf 87' lang='lat' dir='ltr'><strong>tum</strong></span> <span class='ocrx_word' id='word_1_47' title='bbox 1163 943 1324 1008; x_wconf 90' lang='lat' dir='ltr'><strong>mundum</strong></span> <span class='ocrx_word' id='word_1_48' title='bbox 1344 942 1386 1007; x_wconf 89' lang='lat' dir='ltr'><strong>ab</strong></span> <span class='ocrx_word' id='word_1_49' title='bbox 1420 961 1437 1022; x_wconf 83' lang='lat'><strong>5</strong></span> 
     </span>
     <span class='ocr_line' id='line_1_7' title="bbox 226 1045 1386 1131; baseline -0.002 -21"><span class='ocrx_word' id='word_1_50' title='bbox 226 1045 267 1110; x_wconf 92' lang='lat' dir='ltr'><strong>iis</strong></span> <span class='ocrx_word' id='word_1_51' title='bbox 290 1046 518 1124; x_wconf 86' lang='lat' dir='ltr'><strong>administrari,</strong></span> <span class='ocrx_word' id='word_1_52' title='bbox 539 1053 702 1131; x_wconf 91' lang='lat' dir='ltr'><strong>postremo</strong></span> <span class='ocrx_word' id='word_1_53' title='bbox 724 1045 890 1111; x_wconf 89' lang='lat' dir='ltr'><strong>consulere</strong></span> <span class='ocrx_word' id='word_1_54' title='bbox 915 1067 969 1110; x_wconf 91' lang='lat' dir='ltr'><strong>eos</strong></span> <span class='ocrx_word' id='word_1_55' title='bbox 992 1046 1089 1110; x_wconf 85' lang='lat' dir='ltr'><strong>rebus</strong></span> <span class='ocrx_word' id='word_1_56' title='bbox 1111 1046 1271 1110; x_wconf 93' lang='lat' dir='ltr'><strong>humanis.</strong></span> <span class='ocrx_word' id='word_1_57' title='bbox 1316 1045 1386 1108; x_wconf 88' lang='lat' dir='ltr'><strong>Nos</strong></span> 
     </span>
     <span class='ocr_line' id='line_1_8' title="bbox 227 1147 1386 1234; baseline -0.002 -22"><span class='ocrx_word' id='word_1_58' title='bbox 227 1155 338 1213; x_wconf 89' lang='lat' dir='ltr'><strong>autem</strong></span> <span class='ocrx_word' id='word_1_59' title='bbox 359 1149 418 1214; x_wconf 92' lang='lat' dir='ltr'><strong>hoc</strong></span> <span class='ocrx_word' id='word_1_60' title='bbox 434 1171 590 1229; x_wconf 86' lang='lat' dir='ltr'>sermone,</span> <span class='ocrx_word' id='word_1_61' title='bbox 607 1171 690 1234; x_wconf 91' lang='lat' dir='ltr'><strong>quae</strong></span> <span class='ocrx_word' id='word_1_62' title='bbox 714 1149 821 1234; x_wconf 90' lang='lat' dir='ltr'><strong>priora</strong></span> <span class='ocrx_word' id='word_1_63' title='bbox 843 1148 908 1214; x_wconf 93' lang='lat' dir='ltr'><strong>duo</strong></span> <span class='ocrx_word' id='word_1_64' title='bbox 933 1156 1017 1226; x_wconf 90' lang='lat' dir='ltr'><strong>sunt,</strong></span> <span class='ocrx_word' id='word_1_65' title='bbox 1033 1171 1199 1214; x_wconf 82' lang='lat' dir='ltr'><strong>sumamus</strong></span> <span class='ocrx_word' id='word_1_66' title='bbox 1210 1172 1219 1228; x_wconf 93' lang='lat'>;</span> <span class='ocrx_word' id='word_1_67' title='bbox 1250 1147 1386 1212; x_wconf 88' lang='lat' dir='ltr'><strong>tertium</strong></span> 
     </span>
     <span class='ocr_line' id='line_1_9' title="bbox 228 1252 1388 1342; baseline -0.006 -21"><span class='ocrx_word' id='word_1_68' title='bbox 228 1262 263 1321; x_wconf 89' lang='lat' dir='ltr'><strong>et</strong></span> <span class='ocrx_word' id='word_1_69' title='bbox 292 1263 454 1340; x_wconf 89' lang='lat' dir='ltr'><strong>quartum,</strong></span> <span class='ocrx_word' id='word_1_70' title='bbox 484 1255 561 1341; x_wconf 89' lang='lat' dir='ltr'><strong>quia</strong></span> <span class='ocrx_word' id='word_1_71' title='bbox 589 1257 713 1342; x_wconf 89' lang='lat' dir='ltr'><strong>majora</strong></span> <span class='ocrx_word' id='word_1_72' title='bbox 748 1263 834 1331; x_wconf 87' lang='lat' dir='ltr'><strong>sunt,</strong></span> <span class='ocrx_word' id='word_1_73' title='bbox 864 1262 945 1340; x_wconf 91' lang='lat' dir='ltr'><strong>puto</strong></span> <span class='ocrx_word' id='word_1_74' title='bbox 976 1275 1044 1319; x_wconf 91' lang='lat' dir='ltr'><strong>esse</strong></span> <span class='ocrx_word' id='word_1_75' title='bbox 1074 1254 1110 1317; x_wconf 90' lang='lat' dir='ltr'><strong>in</strong></span> <span class='ocrx_word' id='word_1_76' title='bbox 1138 1252 1229 1318; x_wconf 90' lang='lat' dir='ltr'><strong>aliud</strong></span> <span class='ocrx_word' id='word_1_77' title='bbox 1258 1260 1388 1336; x_wconf 92' lang='lat' dir='ltr'><strong>tempus</strong></span> 
     </span>
     <span class='ocr_line' id='line_1_10' title="bbox 229 1358 1388 1444; baseline -0.003 -21"><span class='ocrx_word' id='word_1_78' title='bbox 229 1358 415 1424; x_wconf 84' lang='lat' dir='ltr'><strong>differenda</strong></span> <span class='ocrx_word' id='word_1_79' title='bbox 460 1360 597 1424; x_wconf 85' lang='lat' dir='ltr'><strong>Minime</strong></span> <span class='ocrx_word' id='word_1_80' title='bbox 612 1382 696 1437; x_wconf 92' lang='lat' dir='ltr'><strong>vero,</strong></span> <span class='ocrx_word' id='word_1_81' title='bbox 711 1360 819 1444; x_wconf 92' lang='lat' dir='ltr'><strong>inquit</strong></span> <span class='ocrx_word' id='word_1_82' title='bbox 835 1359 952 1441; x_wconf 82' lang='lat' dir='ltr'><strong>Cotta3</strong></span> <span class='ocrx_word' id='word_1_83' title='bbox 975 1381 1053 1422; x_wconf 90' lang='lat' dir='ltr'><strong>nam</strong></span> <span class='ocrx_word' id='word_1_84' title='bbox 1068 1365 1102 1423; x_wconf 88' lang='lat' dir='ltr'><strong>et</strong></span> <span class='ocrx_word' id='word_1_85' title='bbox 1117 1358 1212 1423; x_wconf 89' lang='lat' dir='ltr'><strong>otiosi</strong></span> <span class='ocrx_word' id='word_1_86' title='bbox 1227 1378 1339 1422; x_wconf 90' lang='lat' dir='ltr'><strong>sumus</strong></span> <span class='ocrx_word' id='word_1_87' title='bbox 1354 1362 1388 1419; x_wconf 91' lang='lat' dir='ltr'><strong>et</strong></span> 
     </span>
     <span class='ocr_line' id='line_1_11' title="bbox 230 1461 1551 1548; baseline -0.002 -23"><span class='ocrx_word' id='word_1_88' title='bbox 230 1461 270 1526; x_wconf 93' lang='lat' dir='ltr'><strong>iis</strong></span> <span class='ocrx_word' id='word_1_89' title='bbox 289 1461 329 1526; x_wconf 91' lang='lat' dir='ltr'><strong>de</strong></span> <span class='ocrx_word' id='word_1_90' title='bbox 344 1462 440 1527; x_wconf 88' lang='lat' dir='ltr'><strong>rebus</strong></span> <span class='ocrx_word' id='word_1_91' title='bbox 455 1463 590 1548; x_wconf 84' lang='lat' dir='ltr'><strong>agimus,</strong></span> <span class='ocrx_word' id='word_1_92' title='bbox 605 1484 688 1547; x_wconf 91' lang='lat' dir='ltr'><strong>quae</strong></span> <span class='ocrx_word' id='word_1_93' title='bbox 704 1470 780 1528; x_wconf 90' lang='lat' dir='ltr'><strong>sunt</strong></span> <span class='ocrx_word' id='word_1_94' title='bbox 797 1463 898 1528; x_wconf 89' lang='lat' dir='ltr'><strong>etiam</strong></span> <span class='ocrx_word' id='word_1_95' title='bbox 912 1463 1051 1548; x_wconf 87' lang='lat' dir='ltr'><strong>negotiis</strong></span> <span class='ocrx_word' id='word_1_96' title='bbox 1066 1461 1320 1547; x_wconf 90' lang='lat' dir='ltr'><strong>anteponendae.</strong></span> <span class='ocrx_word' id='word_1_97' title='bbox 1404 1475 1443 1514; x_wconf 92' lang='lat'><strong>10</strong></span> <span class='ocrx_word' id='word_1_98' title='bbox 1550 1489 1551 1544; x_wconf 43' lang='grc' dir='ltr'>ξ</span> 
     </span>
    </p>

    <p class='ocr_par' dir='ltr' id='par_1_3' title="bbox 197 1561 1443 2150">
     <span class='ocr_line' id='line_1_12' title="bbox 197 1561 1388 1649; baseline -0.002 -23"><span class='ocrx_word' id='word_1_99' title='bbox 197 1566 217 1626; x_wconf 83' lang='lat'><strong>4</strong></span> <span class='ocrx_word' id='word_1_100' title='bbox 294 1563 339 1628; x_wconf 88' lang='lat' dir='ltr'><strong>II.</strong></span> <span class='ocrx_word' id='word_1_101' title='bbox 382 1565 466 1628; x_wconf 90' lang='lat' dir='ltr'><strong>Tum</strong></span> <span class='ocrx_word' id='word_1_102' title='bbox 482 1565 636 1643; x_wconf 91' lang='lat' dir='ltr'><strong>Lucilius,</strong></span> <span class='ocrx_word' id='word_1_103' title='bbox 645 1565 699 1628; x_wconf 92' lang='lat' dir='ltr'><strong>Ne</strong></span> <span class='ocrx_word' id='word_1_104' title='bbox 714 1587 808 1649; x_wconf 86' lang='lat' dir='ltr'><strong>egere</strong></span> <span class='ocrx_word' id='word_1_105' title='bbox 823 1565 956 1649; x_wconf 92' lang='lat' dir='ltr'><strong>quidem</strong></span> <span class='ocrx_word' id='word_1_106' title='bbox 968 1564 1106 1643; x_wconf 88' lang='lat' dir='ltr'><strong>videtur,</strong></span> <span class='ocrx_word' id='word_1_107' title='bbox 1115 1563 1233 1648; x_wconf 92' lang='lat' dir='ltr'><strong>inquit,</strong></span> <span class='ocrx_word' id='word_1_108' title='bbox 1245 1561 1388 1627; x_wconf 90' lang='lat' dir='ltr'><strong>oratione</strong></span> 
     </span>
     <span class='ocr_line' id='line_1_13' title="bbox 228 1665 1390 1753; baseline -0.002 -24"><span class='ocrx_word' id='word_1_109' title='bbox 228 1665 334 1751; x_wconf 90' lang='lat' dir='ltr'><strong>prima</strong></span> <span class='ocrx_word' id='word_1_110' title='bbox 348 1688 430 1751; x_wconf 87' lang='lat' dir='ltr'><strong>pars.</strong></span> <span class='ocrx_word' id='word_1_111' title='bbox 475 1667 562 1748; x_wconf 76' lang='lat' dir='ltr'><strong>and</strong></span> <span class='ocrx_word' id='word_1_112' title='bbox 578 1667 666 1732; x_wconf 88' lang='lat' dir='ltr'><strong>enim</strong></span> <span class='ocrx_word' id='word_1_113' title='bbox 681 1676 791 1753; x_wconf 92' lang='lat' dir='ltr'><strong>potest</strong></span> <span class='ocrx_word' id='word_1_114' title='bbox 810 1690 879 1733; x_wconf 90' lang='lat' dir='ltr'><strong>esse</strong></span> <span class='ocrx_word' id='word_1_115' title='bbox 899 1677 969 1733; x_wconf 92' lang='lat' dir='ltr'><strong>tam</strong></span> <span class='ocrx_word' id='word_1_116' title='bbox 989 1677 1140 1752; x_wconf 90' lang='lat' dir='ltr'><strong>apertum</strong></span> <span class='ocrx_word' id='word_1_117' title='bbox 1162 1675 1295 1750; x_wconf 89' lang='lat' dir='ltr'><strong>tamque</strong></span> <span class='ocrx_word' id='word_1_118' title='bbox 1317 1686 1390 1749; x_wconf 91' lang='lat' dir='ltr'><strong>per·</strong></span> 
     </span>
     <span class='ocr_line' id='line_1_14' title="bbox 230 1767 1390 1858; baseline -0.007 -21"><span class='ocrx_word' id='word_1_119' title='bbox 230 1773 388 1858; x_wconf 91' lang='lat' dir='ltr'><strong>spicuum,</strong></span> <span class='ocrx_word' id='word_1_120' title='bbox 422 1793 497 1836; x_wconf 92' lang='lat' dir='ltr'><strong>cum</strong></span> <span class='ocrx_word' id='word_1_121' title='bbox 532 1771 657 1835; x_wconf 87' lang='lat' dir='ltr'><strong>caelum</strong></span> <span class='ocrx_word' id='word_1_122' title='bbox 695 1771 899 1857; x_wconf 79' lang='lat' dir='ltr'><strong>suspeximus</strong></span> <span class='ocrx_word' id='word_1_123' title='bbox 934 1770 1150 1856; x_wconf 90' lang='lat' dir='ltr'><strong>caelestiaque</strong></span> <span class='ocrx_word' id='word_1_124' title='bbox 1179 1767 1390 1852; x_wconf 89' lang='lat' dir='ltr'><strong>contemplati</strong></span> 
     </span>
     <span class='ocr_line' id='line_1_15' title="bbox 229 1872 1391 1961; baseline -0.005 -21"><span class='ocrx_word' id='word_1_125' title='bbox 229 1897 352 1954; x_wconf 90' lang='lat' dir='ltr'><strong>sumus,</strong></span> <span class='ocrx_word' id='word_1_126' title='bbox 371 1897 470 1960; x_wconf 87' lang='lat' dir='ltr'><strong>quam</strong></span> <span class='ocrx_word' id='word_1_127' title='bbox 492 1897 560 1939; x_wconf 91' lang='lat' dir='ltr'><strong>esse</strong></span> <span class='ocrx_word' id='word_1_128' title='bbox 578 1874 711 1960; x_wconf 79' lang='lat' dir='ltr'><strong>aliquod</strong></span> <span class='ocrx_word' id='word_1_129' title='bbox 728 1897 851 1940; x_wconf 90' lang='lat' dir='ltr'><strong>numen</strong></span> <span class='ocrx_word' id='word_1_130' title='bbox 869 1875 1164 1961; x_wconf 74' lang='lat' dir='ltr'><strong>praestantissimae</strong></span> <span class='ocrx_word' id='word_1_131' title='bbox 1185 1872 1311 1949; x_wconf 87' lang='lat' dir='ltr'><strong>mentis,</strong></span> <span class='ocrx_word' id='word_1_132' title='bbox 1326 1893 1391 1956; x_wconf 95' lang='lat' dir='ltr'><strong>quo</strong></span> 
     </span>
     <span class='ocr_line' id='line_1_16' title="bbox 229 1974 1443 2063; baseline -0.006 -21"><span class='ocrx_word' id='word_1_133' title='bbox 229 1979 308 2044; x_wconf 89' lang='lat' dir='ltr'><strong>haec</strong></span> <span class='ocrx_word' id='word_1_134' title='bbox 323 1982 501 2062; x_wconf 64' lang='lat' dir='ltr'><strong>regantur?</strong></span> <span class='ocrx_word' id='word_1_135' title='bbox 539 1974 634 2056; x_wconf 77' lang='lat' dir='ltr'><strong>Quod</strong></span> <span class='ocrx_word' id='word_1_136' title='bbox 646 1977 681 2041; x_wconf 91' lang='lat' dir='ltr'><strong>ni</strong></span> <span class='ocrx_word' id='word_1_137' title='bbox 693 1977 740 2042; x_wconf 89' lang='lat' dir='ltr'><strong>ita</strong></span> <span class='ocrx_word' id='word_1_138' title='bbox 751 1985 844 2055; x_wconf 90' lang='lat' dir='ltr'><strong>esset,</strong></span> <span class='ocrx_word' id='word_1_139' title='bbox 856 1978 913 2062; x_wconf 94' lang='lat' dir='ltr'><strong>qui</strong></span> <span class='ocrx_word' id='word_1_140' title='bbox 928 1977 1085 2063; x_wconf 91' lang='lat' dir='ltr'><strong>potuisset</strong></span> <span class='ocrx_word' id='word_1_141' title='bbox 1100 1998 1231 2041; x_wconf 88' lang='lat' dir='ltr'><strong>assensu</strong></span> <span class='ocrx_word' id='word_1_142' title='bbox 1246 1975 1391 2040; x_wconf 91' lang='lat' dir='ltr'><strong>omnium</strong></span> <span class='ocrx_word' id='word_1_143' title='bbox 1407 1993 1443 2053; x_wconf 86' lang='lat'><strong>15</strong></span> 
     </span>
     <span class='ocr_line' id='line_1_17' title="bbox 230 2079 500 2150; baseline -0.011 -4"><span class='ocrx_word' id='word_1_144' title='bbox 230 2080 338 2146; x_wconf 90' lang='lat' dir='ltr'><strong>dicere</strong></span> <span class='ocrx_word' id='word_1_145' title='bbox 352 2079 480 2144; x_wconf 89' lang='lat' dir='ltr'><strong>Ennius</strong></span> <span class='ocrx_word' id='word_1_146' title='bbox 493 2103 500 2150; x_wconf 92' lang='lat'><strong>:</strong></span> 
     </span>
    </p>
   </div>
   <div class='ocr_carea' id='block_1_3' title="bbox 260 2205 1357 2280">
    <p class='ocr_par' dir='ltr' id='par_1_4' title="bbox 260 2205 1357 2280">
     <span class='ocr_line' id='line_1_18' title="bbox 260 2205 1357 2280; baseline -0.003 -17"><span class='ocrx_word' id='word_1_147' title='bbox 260 2208 382 2280; x_wconf 88' lang='lat' dir='ltr'><strong>Aspice</strong></span> <span class='ocrx_word' id='word_1_148' title='bbox 400 2208 462 2262; x_wconf 94' lang='lat' dir='ltr'><strong>hoc</strong></span> <span class='ocrx_word' id='word_1_149' title='bbox 479 2207 623 2263; x_wconf 91' lang='lat' dir='ltr'><strong>sublime</strong></span> <span class='ocrx_word' id='word_1_150' title='bbox 641 2208 793 2279; x_wconf 86' lang='lat' dir='ltr'><strong>candens,</strong></span> <span class='ocrx_word' id='word_1_151' title='bbox 812 2227 909 2279; x_wconf 91' lang='lat' dir='ltr'><strong>quem</strong></span> <span class='ocrx_word' id='word_1_152' title='bbox 927 2208 1086 2263; x_wconf 81' lang='lat' dir='ltr'><strong>invocant</strong></span> <span class='ocrx_word' id='word_1_153' title='bbox 1104 2224 1216 2262; x_wconf 88' lang='lat' dir='ltr'><strong>omncs</strong></span> <span class='ocrx_word' id='word_1_154' title='bbox 1233 2205 1252 2260; x_wconf 87' lang='lat' dir='ltr'>J</span> <span class='ocrx_word' id='word_1_155' title='bbox 1257 2222 1357 2274; x_wconf 88' lang='lat' dir='ltr'><strong>ovem,</strong></span> 
     </span>
    </p>
   </div>
   <div class='ocr_carea' id='block_1_4' title="bbox 232 2334 1393 2527">
    <p class='ocr_par' dir='ltr' id='par_1_5' title="bbox 232 2334 1393 2527">
     <span class='ocr_line' id='line_1_19' title="bbox 232 2334 1393 2406; baseline -0.003 -5"><span class='ocrx_word' id='word_1_156' title='bbox 232 2335 326 2402; x_wconf 91' lang='lat' dir='ltr'><strong>illum</strong></span> <span class='ocrx_word' id='word_1_157' title='bbox 342 2360 416 2403; x_wconf 92' lang='lat' dir='ltr'><strong>vero</strong></span> <span class='ocrx_word' id='word_1_158' title='bbox 431 2344 465 2403; x_wconf 88' lang='lat' dir='ltr'><strong>et</strong></span> <span class='ocrx_word' id='word_1_159' title='bbox 480 2337 503 2406; x_wconf 83' lang='lat' dir='ltr'><strong>J</strong></span> <span class='ocrx_word' id='word_1_160' title='bbox 505 2360 598 2404; x_wconf 89' lang='lat' dir='ltr'><strong>ovem</strong></span> <span class='ocrx_word' id='word_1_161' title='bbox 614 2345 648 2402; x_wconf 93' lang='lat' dir='ltr'><strong>et</strong></span> <span class='ocrx_word' id='word_1_162' title='bbox 669 2337 904 2402; x_wconf 86' lang='lat' dir='ltr'><strong>dominatorem</strong></span> <span class='ocrx_word' id='word_1_163' title='bbox 924 2359 1032 2403; x_wconf 90' lang='lat' dir='ltr'><strong>rerum</strong></span> <span class='ocrx_word' id='word_1_164' title='bbox 1053 2342 1087 2400; x_wconf 89' lang='lat' dir='ltr'><strong>et</strong></span> <span class='ocrx_word' id='word_1_165' title='bbox 1107 2334 1215 2400; x_wconf 86' lang='lat' dir='ltr'><strong>omnia</strong></span> <span class='ocrx_word' id='word_1_166' title='bbox 1237 2342 1321 2399; x_wconf 92' lang='lat' dir='ltr'><strong>nutu</strong></span> <span class='ocrx_word' id='word_1_167' title='bbox 1343 2355 1393 2398; x_wconf 91' lang='lat' dir='ltr'><strong>re-</strong></span> 
     </span>
     <span class='ocr_line' id='line_1_20' title="bbox 232 2441 727 2527; baseline -0.002 -21"><span class='ocrx_word' id='word_1_168' title='bbox 232 2449 365 2527; x_wconf 83' lang='lat' dir='ltr'><strong>gentem</strong></span> <span class='ocrx_word' id='word_1_169' title='bbox 380 2449 422 2519; x_wconf 92' lang='lat' dir='ltr'><strong>et,</strong></span> <span class='ocrx_word' id='word_1_170' title='bbox 433 2449 472 2506; x_wconf 88' lang='lat' dir='ltr'><strong>ut</strong></span> <span class='ocrx_word' id='word_1_171' title='bbox 487 2442 576 2507; x_wconf 90' lang='lat' dir='ltr'><strong>idem</strong></span> <span class='ocrx_word' id='word_1_172' title='bbox 591 2441 727 2520; x_wconf 87' lang='lat' dir='ltr'><strong>Ennius,</strong></span> 
     </span>
    </p>
   </div>
   <div class='ocr_carea' id='block_1_5' title="bbox 522 2568 1449 2639">
    <p class='ocr_par' dir='ltr' id='par_1_6' title="bbox 522 2568 1449 2639">
     <span class='ocr_line' id='line_1_21' title="bbox 522 2568 1449 2639; baseline 0 -17"><span class='ocrx_word' id='word_1_173' title='bbox 522 2571 653 2639; x_wconf 85' lang='lat' dir='ltr'><strong>patrem</strong></span> <span class='ocrx_word' id='word_1_174' title='bbox 670 2568 850 2638; x_wconf 88' lang='lat' dir='ltr'><strong>divumque</strong></span> <span class='ocrx_word' id='word_1_175' title='bbox 868 2568 1104 2638; x_wconf 90' lang='lat' dir='ltr'><strong>hominumque</strong></span> <span class='ocrx_word' id='word_1_176' title='bbox 1410 2584 1449 2622; x_wconf 89' lang='lat'><strong>20</strong></span> 
     </span>
    </p>
   </div>
   <div class='ocr_carea' id='block_1_6' title="bbox 135 2678 1514 3705">
    <p class='ocr_par' dir='ltr' id='par_1_7' title="bbox 234 2678 1396 2877">
     <span class='ocr_line' id='line_1_22' title="bbox 234 2678 1395 2774; baseline -0.003 -20"><span class='ocrx_word' id='word_1_177' title='bbox 234 2697 268 2754; x_wconf 87' lang='lat' dir='ltr'><strong>et</strong></span> <span class='ocrx_word' id='word_1_178' title='bbox 282 2697 487 2774; x_wconf 88' lang='lat' dir='ltr'><strong>praesentem</strong></span> <span class='ocrx_word' id='word_1_179' title='bbox 502 2711 539 2754; x_wconf 90' lang='lat' dir='ltr'><strong>ac</strong></span> <span class='ocrx_word' id='word_1_180' title='bbox 554 2695 800 2773; x_wconf 87' lang='lat' dir='ltr'><strong>praepotentem</strong></span> <span class='ocrx_word' id='word_1_181' title='bbox 816 2688 914 2752; x_wconf 91' lang='lat' dir='ltr'><strong>deum</strong></span> <span class='ocrx_word' id='word_1_182' title='bbox 926 2693 939 2754; x_wconf 84' lang='lat' dir='ltr'><strong>l</strong></span> <span class='ocrx_word' id='word_1_183' title='bbox 982 2688 1076 2769; x_wconf 80' lang='lat' dir='ltr'><strong>Quod</strong></span> <span class='ocrx_word' id='word_1_184' title='bbox 1088 2688 1145 2772; x_wconf 93' lang='lat' dir='ltr'><strong>qui</strong></span> <span class='ocrx_word' id='word_1_185' title='bbox 1156 2678 1295 2763; x_wconf 82' lang='lat' dir='ltr'><strong>dubitet,</strong></span> <span class='ocrx_word' id='word_1_186' title='bbox 1307 2685 1395 2750; x_wconf 89' lang='lat' dir='ltr'><strong>haud</strong></span> 
     </span>
     <span class='ocr_line' id='line_1_23' title="bbox 235 2788 1396 2877; baseline -0.004 -20"><span class='ocrx_word' id='word_1_187' title='bbox 235 2814 312 2858; x_wconf 90' lang='lat' dir='ltr'><strong>sane</strong></span> <span class='ocrx_word' id='word_1_188' title='bbox 336 2791 500 2877; x_wconf 86' lang='lat' dir='ltr'><strong>intellege,</strong></span> <span class='ocrx_word' id='word_1_189' title='bbox 527 2814 584 2856; x_wconf 91' lang='lat' dir='ltr'><strong>cur</strong></span> <span class='ocrx_word' id='word_1_190' title='bbox 607 2813 673 2854; x_wconf 88' lang='lat' dir='ltr'><strong>nou</strong></span> <span class='ocrx_word' id='word_1_191' title='bbox 696 2790 793 2868; x_wconf 92' lang='lat' dir='ltr'><strong>idem,</strong></span> <span class='ocrx_word' id='word_1_192' title='bbox 820 2791 867 2856; x_wconf 91' lang='lat' dir='ltr'><strong>sol</strong></span> <span class='ocrx_word' id='word_1_193' title='bbox 891 2791 934 2856; x_wconf 91' lang='lat' dir='ltr'><strong>sit</strong></span> <span class='ocrx_word' id='word_1_194' title='bbox 959 2813 1002 2856; x_wconf 88' lang='lat' dir='ltr'><strong>an</strong></span> <span class='ocrx_word' id='word_1_195' title='bbox 1031 2791 1141 2856; x_wconf 89' lang='lat' dir='ltr'><strong>nullus</strong></span> <span class='ocrx_word' id='word_1_196' title='bbox 1170 2791 1222 2868; x_wconf 90' lang='lat' dir='ltr'><strong>sit,</strong></span> <span class='ocrx_word' id='word_1_197' title='bbox 1245 2788 1396 2854; x_wconf 90' lang='lat' dir='ltr'><strong>dubitare</strong></span> 
     </span>
    </p>

    <p class='ocr_par' dir='ltr' id='par_1_8' title="bbox 204 2890 1448 3497">
     <span class='ocr_line' id='line_1_24' title="bbox 204 2890 1396 2979; baseline -0.002 -21"><span class='ocrx_word' id='word_1_198' title='bbox 204 2893 343 2979; x_wconf 72' lang='lat' dir='ltr'><strong>spossit.</strong></span> <span class='ocrx_word' id='word_1_199' title='bbox 390 2893 452 2975; x_wconf 78' lang='lat' dir='ltr'><strong>Qui</strong></span> <span class='ocrx_word' id='word_1_200' title='bbox 468 2894 554 2957; x_wconf 89' lang='lat' dir='ltr'><strong>enim</strong></span> <span class='ocrx_word' id='word_1_201' title='bbox 572 2901 621 2957; x_wconf 90' lang='lat' dir='ltr'><strong>est</strong></span> <span class='ocrx_word' id='word_1_202' title='bbox 640 2893 701 2956; x_wconf 91' lang='lat' dir='ltr'><strong>hoc</strong></span> <span class='ocrx_word' id='word_1_203' title='bbox 720 2893 776 2957; x_wconf 91' lang='lat' dir='ltr'><strong>illo</strong></span> <span class='ocrx_word' id='word_1_204' title='bbox 790 2894 997 2959; x_wconf 67' lang='lat' dir='ltr'><strong>evidentius?</strong></span> <span class='ocrx_word' id='word_1_205' title='bbox 1041 2893 1136 2973; x_wconf 80' lang='lat' dir='ltr'><strong>Quod</strong></span> <span class='ocrx_word' id='word_1_206' title='bbox 1153 2893 1216 2958; x_wconf 91' lang='lat' dir='ltr'><strong>nisi</strong></span> <span class='ocrx_word' id='word_1_207' title='bbox 1231 2890 1396 2977; x_wconf 84' lang='lat' dir='ltr'><strong>cognitum</strong></span> 
     </span>
     <span class='ocr_line' id='line_1_25' title="bbox 235 2993 1441 3082; baseline -0.003 -20"><span class='ocrx_word' id='word_1_208' title='bbox 235 2997 568 3082; x_wconf 88' lang='lat' dir='ltr'><strong>comprehensumque</strong></span> <span class='ocrx_word' id='word_1_209' title='bbox 591 2996 708 3074; x_wconf 82' lang='lat' dir='ltr'><strong>animis</strong></span> <span class='ocrx_word' id='word_1_210' title='bbox 729 2996 932 3075; x_wconf 88' lang='lat' dir='ltr'><strong>haberemus,</strong></span> <span class='ocrx_word' id='word_1_211' title='bbox 956 3019 1022 3062; x_wconf 91' lang='lat' dir='ltr'><strong>non</strong></span> <span class='ocrx_word' id='word_1_212' title='bbox 1045 3005 1115 3062; x_wconf 88' lang='lat' dir='ltr'><strong>tam</strong></span> <span class='ocrx_word' id='word_1_213' title='bbox 1141 2995 1266 3062; x_wconf 90' lang='lat' dir='ltr'><strong>stabilis</strong></span> <span class='ocrx_word' id='word_1_214' title='bbox 1289 2993 1396 3080; x_wconf 86' lang='lat' dir='ltr'><strong>opinio</strong></span> <span class='ocrx_word' id='word_1_215' title='bbox 1434 3018 1441 3035; x_wconf 83' lang='lat'><strong>·</strong></span> 
     </span>
     <span class='ocr_line' id='line_1_26' title="bbox 235 3100 1448 3186; baseline -0.002 -22"><span class='ocrx_word' id='word_1_216' title='bbox 235 3108 440 3186; x_wconf 88' lang='lat' dir='ltr'><strong>permaneret</strong></span> <span class='ocrx_word' id='word_1_217' title='bbox 463 3122 522 3166; x_wconf 90' lang='lat' dir='ltr'><strong>nec</strong></span> <span class='ocrx_word' id='word_1_218' title='bbox 548 3100 790 3176; x_wconf 88' lang='lat' dir='ltr'><strong>confirmaretur</strong></span> <span class='ocrx_word' id='word_1_219' title='bbox 812 3100 1028 3166; x_wconf 85' lang='lat' dir='ltr'><strong>diuturnitate</strong></span> <span class='ocrx_word' id='word_1_220' title='bbox 1059 3100 1213 3186; x_wconf 78' lang='lat' dir='ltr'><strong>temporis</strong></span> <span class='ocrx_word' id='word_1_221' title='bbox 1242 3121 1302 3164; x_wconf 89' lang='lat' dir='ltr'><strong>nec</strong></span> <span class='ocrx_word' id='word_1_222' title='bbox 1330 3120 1397 3162; x_wconf 90' lang='lat' dir='ltr'><strong>una</strong></span> <span class='ocrx_word' id='word_1_223' title='bbox 1412 3119 1448 3180; x_wconf 83' lang='lat'><strong>²5</strong></span> 
     </span>
     <span class='ocr_line' id='line_1_27' title="bbox 236 3202 1397 3288; baseline -0.001 -22"><span class='ocrx_word' id='word_1_224' title='bbox 236 3225 312 3267; x_wconf 91' lang='lat' dir='ltr'><strong>cum</strong></span> <span class='ocrx_word' id='word_1_225' title='bbox 349 3203 461 3267; x_wconf 87' lang='lat' dir='ltr'><strong>saeclis</strong></span> <span class='ocrx_word' id='word_1_226' title='bbox 497 3203 723 3287; x_wconf 89' lang='lat' dir='ltr'><strong>aetatibusque</strong></span> <span class='ocrx_word' id='word_1_227' title='bbox 760 3203 930 3268; x_wconf 90' lang='lat' dir='ltr'><strong>hominum</strong></span> <span class='ocrx_word' id='word_1_228' title='bbox 970 3205 1199 3270; x_wconf 79' lang='lat' dir='ltr'><strong>inveterascere</strong></span> <span class='ocrx_word' id='word_1_229' title='bbox 1230 3202 1397 3288; x_wconf 87' lang='lat' dir='ltr'><strong>potuisset</strong></span> 
     </span>
     <span class='ocr_line' id='line_1_28' title="bbox 236 3304 1398 3395; baseline 0.001 -27"><span class='ocrx_word' id='word_1_230' title='bbox 236 3304 369 3370; x_wconf 90' lang='lat' dir='ltr'><strong>Etenim</strong></span> <span class='ocrx_word' id='word_1_231' title='bbox 383 3305 533 3371; x_wconf 87' lang='lat' dir='ltr'><strong>videmus</strong></span> <span class='ocrx_word' id='word_1_232' title='bbox 556 3314 680 3371; x_wconf 91' lang='lat' dir='ltr'><strong>ceteras</strong></span> <span class='ocrx_word' id='word_1_233' title='bbox 698 3307 866 3395; x_wconf 86' lang='lat' dir='ltr'><strong>opiniones</strong></span> <span class='ocrx_word' id='word_1_234' title='bbox 889 3309 980 3373; x_wconf 88' lang='lat' dir='ltr'><strong>fictas</strong></span> <span class='ocrx_word' id='word_1_235' title='bbox 996 3316 1095 3393; x_wconf 88' lang='lat' dir='ltr'><strong>atque</strong></span> <span class='ocrx_word' id='word_1_236' title='bbox 1115 3330 1215 3373; x_wconf 88' lang='lat' dir='ltr'><strong>vanas</strong></span> <span class='ocrx_word' id='word_1_237' title='bbox 1235 3305 1398 3370; x_wconf 90' lang='lat' dir='ltr'><strong>diuturni·</strong></span> 
     </span>
     <span class='ocr_line' id='line_1_29' title="bbox 237 3408 1397 3497; baseline 0.001 -26"><span class='ocrx_word' id='word_1_238' title='bbox 237 3415 306 3472; x_wconf 88' lang='lat' dir='ltr'><strong>tate</strong></span> <span class='ocrx_word' id='word_1_239' title='bbox 331 3408 522 3475; x_wconf 86' lang='lat' dir='ltr'><strong>extabuisse.</strong></span> <span class='ocrx_word' id='word_1_240' title='bbox 568 3408 649 3488; x_wconf 80' lang='lat' dir='ltr'><strong>Quis</strong></span> <span class='ocrx_word' id='word_1_241' title='bbox 671 3409 760 3474; x_wconf 91' lang='lat' dir='ltr'><strong>enim</strong></span> <span class='ocrx_word' id='word_1_242' title='bbox 783 3411 1088 3497; x_wconf 90' lang='lat' dir='ltr'><strong>Hippocentaurum</strong></span> <span class='ocrx_word' id='word_1_243' title='bbox 1112 3411 1210 3476; x_wconf 84' lang='lat' dir='ltr'><strong>fuisse</strong></span> <span class='ocrx_word' id='word_1_244' title='bbox 1235 3417 1294 3474; x_wconf 88' lang='lat' dir='ltr'><strong>aut</strong></span> <span class='ocrx_word' id='word_1_245' title='bbox 1320 3409 1397 3474; x_wconf 81' lang='lat' dir='ltr'><strong>Chi-</strong></span> 
     </span>
    </p>

    <p class='ocr_par' dir='ltr' id='par_1_9' title="bbox 135 3513 1514 3608">
     <span class='ocr_line' id='line_1_30' title="bbox 135 3513 1514 3608; baseline 0.001 -34"><span class='ocrx_word' id='word_1_246' title='bbox 135 3555 138 3560; x_wconf 76' lang='lat'><strong>,</strong></span> <span class='ocrx_word' id='word_1_247' title='bbox 237 3532 381 3574; x_wconf 89' lang='lat' dir='ltr'><strong>maeram</strong></span> <span class='ocrx_word' id='word_1_248' title='bbox 394 3515 508 3596; x_wconf 69' lang='lat' dir='ltr'><strong>putat?</strong></span> <span class='ocrx_word' id='word_1_249' title='bbox 528 3534 651 3596; x_wconf 88' lang='lat' dir='ltr'><strong>quaeve</strong></span> <span class='ocrx_word' id='word_1_250' title='bbox 664 3534 746 3576; x_wconf 91' lang='lat' dir='ltr'><strong>anus</strong></span> <span class='ocrx_word' id='word_1_251' title='bbox 757 3519 826 3578; x_wconf 88' lang='lat' dir='ltr'><strong>tam</strong></span> <span class='ocrx_word' id='word_1_252' title='bbox 838 3536 948 3580; x_wconf 85' lang='lat' dir='ltr'><strong>excors</strong></span> <span class='ocrx_word' id='word_1_253' title='bbox 963 3515 1103 3580; x_wconf 91' lang='lat' dir='ltr'><strong>inveniri</strong></span> <span class='ocrx_word' id='word_1_254' title='bbox 1114 3523 1322 3598; x_wconf 85' lang='lat' dir='ltr'><strong>potest,quae</strong></span> <span class='ocrx_word' id='word_1_255' title='bbox 1333 3513 1399 3590; x_wconf 91' lang='lat' dir='ltr'><strong>illa,</strong></span> <span class='ocrx_word' id='word_1_256' title='bbox 1510 3593 1514 3608; x_wconf 31' lang='grc' dir='ltr'>ι</span> 
     </span>
    </p>

    <p class='ocr_par' dir='ltr' id='par_1_10' title="bbox 239 3616 1452 3705">
     <span class='ocr_line' id='line_1_31' title="bbox 239 3616 1452 3705; baseline 0 -27"><span class='ocrx_word' id='word_1_257' title='bbox 239 3636 322 3699; x_wconf 87' lang='lat' dir='ltr'><strong>quae</strong></span> <span class='ocrx_word' id='word_1_258' title='bbox 345 3616 508 3700; x_wconf 89' lang='lat' dir='ltr'><strong>quondam</strong></span> <span class='ocrx_word' id='word_1_259' title='bbox 531 3617 745 3683; x_wconf 89' lang='lat' dir='ltr'><strong>credebantur</strong></span> <span class='ocrx_word' id='word_1_260' title='bbox 763 3620 851 3703; x_wconf 89' lang='lat' dir='ltr'><strong>apud</strong></span> <span class='ocrx_word' id='word_1_261' title='bbox 873 3619 993 3684; x_wconf 91' lang='lat' dir='ltr'><strong>inferos</strong></span> <span class='ocrx_word' id='word_1_262' title='bbox 1015 3627 1174 3705; x_wconf 88' lang='lat' dir='ltr'><strong>portenta,</strong></span> <span class='ocrx_word' id='word_1_263' title='bbox 1189 3618 1399 3683; x_wconf 73' lang='lat' dir='ltr'><strong>extimescat?</strong></span> <span class='ocrx_word' id='word_1_264' title='bbox 1413 3640 1452 3697; x_wconf 84' lang='lat'><strong>30</strong></span> 
     </span>
    </p>
   </div>
   <div class='ocr_carea' id='block_1_7' title="bbox 239 3773 1402 4406">
    <p class='ocr_par' dir='ltr' id='par_1_11' title="bbox 239 3773 1402 4406">
     <span class='ocr_line' id='line_1_32' title="bbox 288 3773 1399 3840; baseline -0.001 -17"><span class='ocrx_word' id='word_1_265' title='bbox 288 3775 305 3823; x_wconf 84' lang='lat'>5</span> <span class='ocrx_word' id='word_1_266' title='bbox 321 3774 353 3822; x_wconf 83' lang='lat' dir='ltr'><strong>cb</strong></span> <span class='ocrx_word' id='word_1_267' title='bbox 364 3774 398 3821; x_wconf 81' lang='lat' dir='ltr'><strong>iia</strong></span> <span class='ocrx_word' id='word_1_268' title='bbox 409 3777 435 3834; x_wconf 79' lang='lat' dir='ltr'><strong>L,</strong></span> <span class='ocrx_word' id='word_1_269' title='bbox 449 3775 481 3822; x_wconf 85' lang='lat' dir='ltr'><strong>ab</strong></span> <span class='ocrx_word' id='word_1_270' title='bbox 493 3775 532 3824; x_wconf 81' lang='lat' dir='ltr'><strong>hia</strong></span> <span class='ocrx_word' id='word_1_271' title='bbox 550 3789 605 3825; x_wconf 84' lang='lat' dir='ltr'><strong>russ-</strong></span> <span class='ocrx_word' id='word_1_272' title='bbox 615 3777 754 3840; x_wconf 84' lang='lat' dir='ltr'><strong>generally.</strong></span> <span class='ocrx_word' id='word_1_273' title='bbox 853 3779 868 3828; x_wconf 83' lang='lat'>9</span> <span class='ocrx_word' id='word_1_274' title='bbox 885 3786 909 3827; x_wconf 82' lang='lat' dir='ltr'><strong>et</strong></span> <span class='ocrx_word' id='word_1_275' title='bbox 920 3780 954 3826; x_wconf 82' lang='lat' dir='ltr'><strong>iia</strong></span> <span class='ocrx_word' id='word_1_276' title='bbox 965 3783 1007 3828; x_wconf 77' lang='grc' dir='ltr'><strong>ΕΙ.</strong></span> <span class='ocrx_word' id='word_1_277' title='bbox 1017 3777 1085 3834; x_wconf 78' lang='lat' dir='ltr'><strong>Asc,</strong></span> <span class='ocrx_word' id='word_1_278' title='bbox 1098 3783 1122 3825; x_wconf 88' lang='lat' dir='ltr'><strong>et</strong></span> <span class='ocrx_word' id='word_1_279' title='bbox 1139 3778 1178 3826; x_wconf 81' lang='lat' dir='ltr'><strong>hia</strong></span> <span class='ocrx_word' id='word_1_280' title='bbox 1195 3789 1244 3825; x_wconf 78' lang='lat' dir='ltr'><strong>uss</strong></span> <span class='ocrx_word' id='word_1_281' title='bbox 1260 3773 1399 3838; x_wconf 83' lang='lat' dir='ltr'><strong>generally.</strong></span> 
     </span>
     <span class='ocr_line' id='line_1_33' title="bbox 240 3854 1400 3924; baseline -0.001 -18"><span class='ocrx_word' id='word_1_282' title='bbox 240 3857 271 3906; x_wconf 89' lang='lat'><strong>10</strong></span> <span class='ocrx_word' id='word_1_283' title='bbox 287 3863 354 3918; x_wconf 79' lang='lat' dir='ltr'><strong>suot,</strong></span> <span class='ocrx_word' id='word_1_284' title='bbox 371 3857 478 3906; x_wconf 84' lang='lat' dir='ltr'><strong>‘malim</strong></span> <span class='ocrx_word' id='word_1_285' title='bbox 496 3861 549 3908; x_wconf 80' lang='lat' dir='ltr'><strong>siut</strong></span> <span class='ocrx_word' id='word_1_286' title='bbox 560 3861 565 3883; x_wconf 91' lang='lat'><strong>’</strong></span> <span class='ocrx_word' id='word_1_287' title='bbox 577 3858 632 3909; x_wconf 89' lang='lat' dir='ltr'><strong>Mu.</strong></span> <span class='ocrx_word' id='word_1_288' title='bbox 644 3860 678 3908; x_wconf 86' lang='lat' dir='ltr'><strong>of.</strong></span> <span class='ocrx_word' id='word_1_289' title='bbox 697 3875 707 3908; x_wconf 93' lang='lat'>1</span> <span class='ocrx_word' id='word_1_290' title='bbox 727 3861 769 3909; x_wconf 84' lang='lat'><strong>48.</strong></span> <span class='ocrx_word' id='word_1_291' title='bbox 878 3862 1062 3924; x_wconf 65' lang='lat' dir='ltr'><strong>componendae</strong></span> <span class='ocrx_word' id='word_1_292' title='bbox 1075 3859 1150 3922; x_wconf 82' lang='lat' dir='ltr'>[BE]‚</span> <span class='ocrx_word' id='word_1_293' title='bbox 1169 3859 1341 3920; x_wconf 78' lang='lat' dir='ltr'><strong>anteponenda</strong></span> <span class='ocrx_word' id='word_1_294' title='bbox 1356 3854 1400 3905; x_wconf 79' lang='lat' dir='ltr'><strong>Ae</strong></span> 
     </span>
     <span class='ocr_line' id='line_1_34' title="bbox 240 3936 1401 4003; baseline -0.002 -15"><span class='ocrx_word' id='word_1_295' title='bbox 240 3938 299 3988; x_wconf 72' lang='lat' dir='ltr'><strong>Oxi.</strong></span> <span class='ocrx_word' id='word_1_296' title='bbox 311 3938 380 3988; x_wconf 87' lang='lat' dir='ltr'><strong>Mus.</strong></span> <span class='ocrx_word' id='word_1_297' title='bbox 488 3939 519 3987; x_wconf 80' lang='lat'><strong>14</strong></span> <span class='ocrx_word' id='word_1_298' title='bbox 536 3956 594 4003; x_wconf 79' lang='lat' dir='ltr'><strong>quo,</strong></span> <span class='ocrx_word' id='word_1_299' title='bbox 609 3941 716 3990; x_wconf 87' lang='lat' dir='ltr'><strong>‘malim</strong></span> <span class='ocrx_word' id='word_1_300' title='bbox 727 3958 744 3990; x_wconf 88' lang='lat' dir='ltr'><strong>a</strong></span> <span class='ocrx_word' id='word_1_301' title='bbox 756 3943 819 4003; x_wconf 78' lang='lat' dir='ltr'><strong>quo’</strong></span> <span class='ocrx_word' id='word_1_302' title='bbox 831 3941 886 3990; x_wconf 89' lang='lat' dir='ltr'><strong>Mu.</strong></span> <span class='ocrx_word' id='word_1_303' title='bbox 895 3941 943 3990; x_wconf 90' lang='lat' dir='ltr'><strong>but</strong></span> <span class='ocrx_word' id='word_1_304' title='bbox 954 3941 987 3990; x_wconf 84' lang='lat' dir='ltr'><strong>cl.</strong></span> <span class='ocrx_word' id='word_1_305' title='bbox 997 3940 1097 3990; x_wconf 79' lang='lat' dir='ltr'><strong>Gomm.</strong></span> <span class='ocrx_word' id='word_1_306' title='bbox 1112 3939 1165 3989; x_wconf 87' lang='lat' dir='ltr'><strong>and</strong></span> <span class='ocrx_word' id='word_1_307' title='bbox 1175 3953 1208 3987; x_wconf 92' lang='lat'><strong>111</strong></span> <span class='ocrx_word' id='word_1_308' title='bbox 1221 3939 1252 3987; x_wconf 90' lang='grc'><strong>10</strong></span> <span class='ocrx_word' id='word_1_309' title='bbox 1262 3937 1345 3986; x_wconf 87' lang='lat' dir='ltr'><strong>where</strong></span> <span class='ocrx_word' id='word_1_310' title='bbox 1355 3936 1401 3986; x_wconf 91' lang='lat' dir='ltr'><strong>the</strong></span> 
     </span>
     <span class='ocr_line' id='line_1_35' title="bbox 239 4018 1398 4080; baseline 0.002 -12"><span class='ocrx_word' id='word_1_311' title='bbox 239 4018 323 4068; x_wconf 87' lang='lat' dir='ltr'><strong>words</strong></span> <span class='ocrx_word' id='word_1_312' title='bbox 340 4032 383 4068; x_wconf 86' lang='lat' dir='ltr'><strong>are</strong></span> <span class='ocrx_word' id='word_1_313' title='bbox 399 4019 527 4080; x_wconf 85' lang='lat' dir='ltr'><strong>repeated.</strong></span> <span class='ocrx_word' id='word_1_314' title='bbox 638 4022 669 4072; x_wconf 79' lang='lat'><strong>17</strong></span> <span class='ocrx_word' id='word_1_315' title='bbox 685 4024 789 4071; x_wconf 80' lang='lat' dir='ltr'><strong>sublime</strong></span> <span class='ocrx_word' id='word_1_316' title='bbox 808 4036 866 4080; x_wconf 83' lang='lat' dir='ltr'><strong>uss,</strong></span> <span class='ocrx_word' id='word_1_317' title='bbox 885 4024 1007 4071; x_wconf 79' lang='lat' dir='ltr'><strong>sublimen</strong></span> <span class='ocrx_word' id='word_1_318' title='bbox 1026 4022 1070 4072; x_wconf 86' lang='lat' dir='ltr'><strong>Or.</strong></span> <span class='ocrx_word' id='word_1_319' title='bbox 1088 4021 1135 4070; x_wconf 83' lang='lat' dir='ltr'><strong>Ba.</strong></span> <span class='ocrx_word' id='word_1_320' title='bbox 1157 4020 1215 4070; x_wconf 76' lang='lat' dir='ltr'><strong>Sub.</strong></span> <span class='ocrx_word' id='word_1_321' title='bbox 1237 4034 1279 4070; x_wconf 85' lang='lat' dir='ltr'><strong>see</strong></span> <span class='ocrx_word' id='word_1_322' title='bbox 1297 4019 1398 4071; x_wconf 79' lang='lat' dir='ltr'><strong>Comm.</strong></span> 
     </span>
     <span class='ocr_line' id='line_1_36' title="bbox 239 4103 1400 4172; baseline 0.001 -22"><span class='ocrx_word' id='word_1_323' title='bbox 239 4105 366 4162; x_wconf 79' lang='lat' dir='ltr'><strong>invocant,</strong></span> <span class='ocrx_word' id='word_1_324' title='bbox 379 4109 471 4151; x_wconf 83' lang='lat' dir='ltr'><strong>vocent</strong></span> <span class='ocrx_word' id='word_1_325' title='bbox 488 4117 530 4165; x_wconf 88' lang='lat' dir='ltr'><strong>ap.</strong></span> <span class='ocrx_word' id='word_1_326' title='bbox 548 4103 617 4153; x_wconf 84' lang='lat' dir='ltr'><strong>Fest.</strong></span> <span class='ocrx_word' id='word_1_327' title='bbox 634 4108 660 4172; x_wconf 85' lang='lat' dir='ltr'><strong>et</strong></span> <span class='ocrx_word' id='word_1_328' title='bbox 676 4105 752 4154; x_wconf 87' lang='lat' dir='ltr'><strong>Prob.</strong></span> <span class='ocrx_word' id='word_1_329' title='bbox 852 4107 883 4154; x_wconf 84' lang='lat'><strong>18</strong></span> <span class='ocrx_word' id='word_1_330' title='bbox 899 4113 964 4154; x_wconf 84' lang='lat' dir='ltr'><strong>nutu</strong></span> <span class='ocrx_word' id='word_1_331' title='bbox 975 4105 1020 4154; x_wconf 84' lang='lat' dir='ltr'><strong>GV</strong></span> <span class='ocrx_word' id='word_1_332' title='bbox 1031 4105 1097 4168; x_wconf 77' lang='lat' dir='ltr'><strong>Asc,</strong></span> <span class='ocrx_word' id='word_1_333' title='bbox 1111 4112 1180 4154; x_wconf 80' lang='lat' dir='ltr'><strong>motu</strong></span> <span class='ocrx_word' id='word_1_334' title='bbox 1195 4117 1245 4154; x_wconf 78' lang='lat' dir='ltr'><strong>uss</strong></span> <span class='ocrx_word' id='word_1_335' title='bbox 1261 4103 1400 4164; x_wconf 81' lang='lat' dir='ltr'><strong>generally.</strong></span> 
     </span>
     <span class='ocr_line' id='line_1_37' title="bbox 240 4181 1398 4250; baseline 0 -18"><span class='ocrx_word' id='word_1_336' title='bbox 240 4185 272 4232; x_wconf 83' lang='lat'><strong>23</strong></span> <span class='ocrx_word' id='word_1_337' title='bbox 288 4185 334 4246; x_wconf 78' lang='lat' dir='ltr'><strong>qui</strong></span> <span class='ocrx_word' id='word_1_338' title='bbox 345 4181 402 4232; x_wconf 88' lang='lat' dir='ltr'><strong>edd.</strong></span> <span class='ocrx_word' id='word_1_339' title='bbox 415 4183 481 4233; x_wconf 83' lang='lat' dir='ltr'><strong>after</strong></span> <span class='ocrx_word' id='word_1_340' title='bbox 497 4184 581 4234; x_wconf 85' lang='lat' dir='ltr'><strong>Lamb</strong></span> <span class='ocrx_word' id='word_1_341' title='bbox 601 4185 655 4235; x_wconf 86' lang='lat' dir='ltr'><strong>and</strong></span> <span class='ocrx_word' id='word_1_342' title='bbox 670 4186 746 4245; x_wconf 66' lang='lat' dir='ltr'><strong>Dav„</strong></span> <span class='ocrx_word' id='word_1_343' title='bbox 765 4189 828 4250; x_wconf 78' lang='lat' dir='ltr'><strong>qaid</strong></span> <span class='ocrx_word' id='word_1_344' title='bbox 843 4201 901 4246; x_wconf 80' lang='lat' dir='ltr'><strong>uss,</strong></span> <span class='ocrx_word' id='word_1_345' title='bbox 919 4187 952 4236; x_wconf 83' lang='lat' dir='ltr'><strong>cf.</strong></span> <span class='ocrx_word' id='word_1_346' title='bbox 970 4186 1055 4236; x_wconf 83' lang='lat' dir='ltr'><strong>Madv.</strong></span> <span class='ocrx_word' id='word_1_347' title='bbox 1069 4189 1159 4250; x_wconf 67' lang='lat' dir='ltr'><strong>offuso.</strong></span> <span class='ocrx_word' id='word_1_348' title='bbox 1171 4189 1216 4235; x_wconf 82' lang='lat' dir='ltr'><strong>Ac.</strong></span> <span class='ocrx_word' id='word_1_349' title='bbox 1228 4198 1250 4232; x_wconf 91' lang='lat'><strong>11</strong></span> <span class='ocrx_word' id='word_1_350' title='bbox 1265 4198 1290 4246; x_wconf 86' lang='lat' dir='ltr'><strong>p.</strong></span> <span class='ocrx_word' id='word_1_351' title='bbox 1302 4183 1351 4231; x_wconf 79' lang='lat'><strong>265</strong></span> <span class='ocrx_word' id='word_1_352' title='bbox 1362 4197 1398 4244; x_wconf 92' lang='lat' dir='ltr'><strong>n.,</strong></span> 
     </span>
     <span class='ocr_line' id='line_1_38' title="bbox 242 4264 1402 4332; baseline -0.003 -16"><span class='ocrx_word' id='word_1_353' title='bbox 242 4265 303 4316; x_wconf 82' lang='lat' dir='ltr'><strong>Sch.</strong></span> <span class='ocrx_word' id='word_1_354' title='bbox 320 4267 366 4330; x_wconf 82' lang='lat' dir='ltr'><strong>Op.</strong></span> <span class='ocrx_word' id='word_1_355' title='bbox 382 4280 415 4314; x_wconf 92' lang='lat'><strong>111</strong></span> <span class='ocrx_word' id='word_1_356' title='bbox 426 4264 482 4318; x_wconf 76' lang='lat'><strong>325.</strong></span> <span class='ocrx_word' id='word_1_357' title='bbox 593 4270 625 4320; x_wconf 84' lang='lat'><strong>26</strong></span> <span class='ocrx_word' id='word_1_358' title='bbox 641 4271 821 4321; x_wconf 75' lang='lat' dir='ltr'><strong>inveterascere</strong></span> <span class='ocrx_word' id='word_1_359' title='bbox 834 4269 1046 4332; x_wconf 79' lang='lat' dir='ltr'><strong>Forchhammcr,</strong></span> <span class='ocrx_word' id='word_1_360' title='bbox 1059 4271 1199 4319; x_wconf 80' lang='lat' dir='ltr'><strong>inveterare</strong></span> <span class='ocrx_word' id='word_1_361' title='bbox 1210 4280 1260 4315; x_wconf 78' lang='lat' dir='ltr'><strong>uss</strong></span> <span class='ocrx_word' id='word_1_362' title='bbox 1271 4265 1402 4330; x_wconf 82' lang='lat' dir='ltr'><strong>generally</strong></span> 
     </span>
     <span class='ocr_line' id='line_1_39' title="bbox 241 4347 1307 4406; baseline 0.006 -10"><span class='ocrx_word' id='word_1_363' title='bbox 241 4347 316 4396; x_wconf 84' lang='lat' dir='ltr'><strong>Allen</strong></span> <span class='ocrx_word' id='word_1_364' title='bbox 328 4347 414 4406; x_wconf 81' lang='lat' dir='ltr'><strong>Klotz,</strong></span> <span class='ocrx_word' id='word_1_365' title='bbox 425 4350 563 4399; x_wconf 78' lang='lat' dir='ltr'><strong>inveterari</strong></span> <span class='ocrx_word' id='word_1_366' title='bbox 575 4349 598 4400; x_wconf 84' lang='lat' dir='ltr'><strong>G</strong></span> <span class='ocrx_word' id='word_1_367' title='bbox 610 4349 717 4402; x_wconf 88' lang='lat' dir='ltr'><strong>Moser’s</strong></span> <span class='ocrx_word' id='word_1_368' title='bbox 728 4351 776 4402; x_wconf 84' lang='lat' dir='ltr'><strong>La.</strong></span> <span class='ocrx_word' id='word_1_369' title='bbox 788 4351 883 4404; x_wconf 90' lang='lat' dir='ltr'><strong>Heind.</strong></span> <span class='ocrx_word' id='word_1_370' title='bbox 896 4353 941 4403; x_wconf 90' lang='lat' dir='ltr'><strong>Or.</strong></span> <span class='ocrx_word' id='word_1_371' title='bbox 952 4353 999 4405; x_wconf 91' lang='lat' dir='ltr'><strong>Ba.</strong></span> <span class='ocrx_word' id='word_1_372' title='bbox 1015 4351 1075 4405; x_wconf 79' lang='lat' dir='ltr'><strong>Sch.</strong></span> <span class='ocrx_word' id='word_1_373' title='bbox 1087 4352 1142 4402; x_wconf 90' lang='lat' dir='ltr'><strong>Mu.</strong></span> <span class='ocrx_word' id='word_1_374' title='bbox 1155 4367 1197 4403; x_wconf 88' lang='lat' dir='ltr'><strong>see</strong></span> <span class='ocrx_word' id='word_1_375' title='bbox 1208 4352 1307 4402; x_wconf 81' lang='lat' dir='ltr'><strong>Oomm.</strong></span> 
     </span>
    </p>
   </div>
   <div class='ocr_carea' id='block_1_8' title="bbox 0 0 1619 4990">
    <p class='ocr_par' dir='ltr' id='par_1_12' title="bbox 0 0 1619 4990">
     <span class='ocr_line' id='line_1_40' title="bbox 0 0 1619 4990; baseline 0 0"><span class='ocrx_word' id='word_1_376' title='bbox 0 0 1619 4990; x_wconf 95' lang='lat' dir='ltr'><strong> </strong></span> 
     </span>
    </p>
   </div>
  </div>
 </body>
</html>
