3174 4990
231 401 273 464 14
522 451 525 456 .
615 417 663 466 ou
685 416 828 468 aarum
849 417 1004 468 osonum

228 567 263 625 et
286 561 419 647 quidem
445 562 546 628 etiam
570 563 762 649 sapientem.
812 563 899 643 Quid
917 571 1029 630 autem
1047 571 1096 629 est
1119 563 1267 630 inscitius
1289 587 1389 650 quam

228 687 301 731 eam
315 675 475 746 naturam,
490 691 574 754 quae
592 691 704 733 omnes
724 690 775 732 res
795 669 839 733 sit
858 669 1033 754 complexa,
1052 691 1118 734 non
1140 669 1298 755 optimam
1316 670 1389 748 dici,

227 782 294 852 aut,
307 796 381 839 cum
397 774 424 838 si
426 773 586 858 toptims,
595 796 661 839 non
668 775 811 860 primum
824 773 1025 839 animantem
1034 795 1113 854 esse
1124 773 1242 839 deinde
1253 775 1388 839 rationis

227 884 261 942 et
287 877 412 942 consilii
435 887 630 1000 compotem,
650 887 811 964 postremo
838 880 1042 964 sapienteml
1087 879 1153 960 Qui
1170 880 1259 944 enim
1279 889 1388 966 potest
1577 850 1579 952 i

226 980 322 1046 aliter
348 1003 416 1047 esse
443 982 594 1067 optima?
607 953 756 1068 Neque
778 983 875 1061 enim,
898 985 926 1048 si
948 983 1100 1069 stirpium
1123 984 1238 1049 similis
1260 987 1304 1049 sit
1329 993 1387 1050 aut
1421 1006 1437 1066 5
1574 983 1579 1050 l

226 1087 326 1152 etiam
350 1087 432 1152 best'
408 1095 536 1166 trarum,
560 1087 684 1172 optima
709 1088 855 1173 putanda
879 1089 922 1154 sit
948 1088 1055 1174 potius
1080 1111 1180 1174 quam
1204 1088 1386 1166 deterrima,
1573 1054 1582 1647 p

226 1214 286 1257 nec
309 1214 393 1270 vero,
419 1193 447 1257 si
472 1192 608 1258 rationis
632 1193 795 1279 particeps
815 1192 859 1258 sit
883 1215 943 1258 nec
973 1193 1017 1258 sit
1046 1200 1158 1258 tamen
1183 1216 1204 1258 a
1229 1193 1386 1279 principio

226 1294 362 1380 sapiens,
376 1317 443 1360 non
458 1295 500 1360 sit
520 1293 660 1359 deterior
680 1295 796 1360 mundi
815 1295 924 1380 potius
941 1318 1041 1382 quam
1059 1295 1204 1360 humana
1223 1296 1366 1360 condicio
1368 1319 1400 1378 φ

225 1396 323 1463 homo
348 1397 436 1463 enim
460 1397 589 1483 sapiens
611 1397 682 1462 fieri
704 1406 819 1482 potest,
842 1399 985 1463 mundus
1009 1407 1121 1464 autem
1147 1399 1174 1464 si
1197 1399 1233 1463 in
1253 1406 1385 1464 aeterno

225 1500 393 1585 praeteriti
425 1500 580 1585 temporis
609 1500 715 1586 spatio
745 1501 809 1566 suit
839 1501 1003 1586 insipiens,
1034 1523 1213 1587 numquam
1243 1502 1385 1588 proiecto
1402 1526 1439 1567 ro

225 1603 418 1689 sapientiam
438 1611 674 1689 consequetur3
700 1604 748 1669 ita
766 1605 829 1669 erit
846 1605 978 1670 homine
997 1605 1146 1671 deterior.
1193 1604 1288 1685 Quod
1305 1627 1384 1690 quo·

225 1705 314 1771 niam
343 1707 520 1772 absurdum
550 1714 609 1784 est,
632 1715 667 1772 et
696 1707 824 1793 sapiens
854 1731 874 1773 a
899 1708 1058 1794 principio
1081 1708 1222 1772 mundus
1246 1717 1280 1773 et
1305 1709 1385 1774 deus

173 1820 212 1878 37
225 1811 394 1880 habendus
420 1825 478 1878 est.
524 1813 614 1879 XIV.
658 1813 746 1879 Scite
767 1812 855 1878 enim
880 1813 1090 1900 Chrysippus,
1110 1821 1148 1877 ut
1168 1813 1264 1898 clipei
1288 1835 1385 1878 causa

224 1917 436 1996 involuerum,
454 1918 605 2004 vaginam
624 1925 736 1983 autem
755 1917 865 2002 gladii,
881 1917 926 1982 sic
949 1926 1077 2003 praeter
1094 1917 1253 1981 mundum
1277 1925 1384 1981 cetera

225 2024 334 2088 omnia
351 2023 487 2088 ahorum
505 2045 601 2088 causa
618 2045 688 2088 esse
702 2030 865 2108 generata,
881 2030 918 2086 ut
937 2044 991 2087 eas
1009 2022 1117 2108 fruges
1132 2029 1231 2107 atque
1250 2022 1382 2098 fructus,
1400 2038 1434 2098 15

224 2149 304 2214 quos
325 2135 411 2192 terra
434 2127 550 2213 gignit,
573 2127 791 2192 animantium
814 2148 918 2203 causa,
941 2125 1123 2190 animantes
1144 2133 1256 2190 autem
1278 2123 1383 2187 homi·

224 2257 312 2312 num,
328 2241 367 2300 ut
385 2256 507 2320 equum
521 2233 662 2298 vehendi
680 2255 785 2310 causa,
802 2229 914 2296 arandi
931 2229 1057 2308 bovem,
1071 2228 1212 2294 venandi
1227 2234 1261 2293 et
1277 2234 1383 2291 custo-

224 2340 337 2406 diendi
352 2363 473 2406 canem.
512 2340 589 2426 Ipse
604 2346 716 2404 autem
730 2338 826 2402 homo
841 2345 931 2422 ortus
946 2344 996 2400 est
1010 2335 1051 2400 ad
1067 2334 1225 2399 mundum
1240 2341 1383 2398 contem-

224 2444 381 2531 plandum
397 2451 430 2510 et
441 2443 651 2520 imitandum,
663 2442 753 2507 nullo
770 2441 864 2506 modo
880 2438 1114 2526 perlectus,sed
1132 2437 1205 2522 [est]
1222 2435 1382 2523 quaedam

223 2548 381 2634 particula
406 2548 549 2634 perfecti.
601 2548 721 2632 Neque
751 2546 839 2611 enim
866 2553 916 2609 est
941 2544 1115 2629 quicquam
1140 2541 1230 2607 aliud
1255 2548 1383 2626 praeter
1399 2559 1436 2598 ιο

222 2655 392 2732 mundum,
414 2654 466 2719 oui
488 2652 571 2718 nihil
593 2651 687 2730 absit,
711 2650 863 2736 quodque
886 2649 1031 2733 undique
1054 2655 1169 2732 aptum
1189 2655 1287 2731 atque
1310 2667 1382 2730 per-

173 2761 345 2827 aefectum
363 2759 594 2845 expletumque
609 2757 652 2820 sit
667 2755 818 2820 omnibus
833 2753 900 2818 suis
914 2752 1059 2817 numeris
1074 2759 1109 2816 et
1122 2750 1278 2836 partibus.
1316 2749 1382 2814 Sed

223 2865 364 2930 mundus
390 2863 544 2949 quoniam
571 2860 680 2926 omnia
703 2859 889 2943 complexus
915 2865 1099 2950 est-neque
1124 2863 1174 2920 est
1200 2854 1382 2939 quicquam,

223 2970 310 3055 quod
324 2991 389 3035 non
405 2968 483 3032 insit
497 2967 533 3030 in
548 2988 595 3044 eo,
606 2966 767 3052 perlectus
781 2963 929 3048 undique
944 2971 1001 3028 est.
1039 2961 1104 3041 Qui
1119 2961 1219 3046 igitur
1234 2967 1341 3045 potest
1352 2959 1383 3024 ei
1515 3051 1518 3056 .

222 3077 334 3141 deesse
348 3075 390 3152 id,
407 3073 493 3160 quod
508 3081 557 3141 est
573 3071 760 3157 optimum?
782 3069 865 3133 nihil
881 3075 992 3133 autem
1008 3073 1057 3132 est
1071 3074 1183 3131 mente
1204 3072 1237 3130 et
1257 3063 1382 3128 ratione
1398 3073 1433 3134 25

220 3179 356 3258 melius;
379 3199 455 3263 ergo
468 3177 548 3240 haec
559 3174 682 3239 mundo
693 3173 803 3239 deesse
814 3194 880 3236 non
891 3177 1034 3257 possunt.
1080 3170 1171 3240 Bene
1182 3167 1284 3254 igitur
1295 3167 1382 3231 idem

223 3284 432 3370 Chrysippus,
451 3281 509 3367 qui
533 3279 762 3344 similitudines
785 3276 967 3362 adjungens
989 3272 1099 3338 omnia
1120 3272 1154 3335 in
1177 3269 1327 3356 perlectis
1349 3278 1383 3333 et

222 3389 358 3454 maturis
380 3388 474 3453 docet
496 3407 564 3450 esse
586 3383 728 3460 meliora,
747 3391 786 3446 ut
806 3382 842 3445 in
857 3401 940 3465 equo
955 3400 1054 3464 quani
1068 3377 1104 3440 in
1119 3375 1238 3452 eculeo,
1254 3373 1289 3436 in
1304 3395 1383 3436 cane

223 3514 322 3579 quam
348 3491 383 3555 in
409 3489 525 3567 catulo,
548 3487 583 3551 in
608 3487 677 3550 viro
702 3507 800 3571 quam
824 3483 860 3547 in
882 3503 991 3567 puem,
1014 3480 1103 3555 item,
1129 3476 1214 3563 quod
1237 3474 1383 3541 inomni

273 3669 305 3717 13
322 3667 449 3717 lmbeadus
466 3673 510 3727 est,
525 3663 591 3714 aiter
607 3661 661 3713 this
672 3661 771 3711 follows
782 3660 813 3726 in
822 3659 858 3710 all
869 3671 918 3707 uss
930 3655 982 3706 aud
992 3654 1050 3706 edd.
1063 3669 1141 3717 acqua
1159 3654 1380 3715 euim—portibus,

222 3749 307 3801 which
323 3749 337 3798 I
353 3749 420 3798 have
436 3751 485 3810 put
502 3747 570 3797 after
581 3746 691 3808 perfecti
708 3744 735 3792 at
750 3741 797 3791 the
807 3739 858 3790 end
875 3739 902 3788 oi
918 3739 982 3798 537,
996 3751 1039 3786 see
1051 3735 1153 3785 Oomm.
1253 3734 1284 3784 16
1300 3735 1383 3800 piynit

224 3845 273 3880 uss
290 3830 429 3893 generally,
448 3832 536 3891 pichot
548 3825 611 3875 Red.
623 3823 717 3874 Heind.
731 3823 817 3872 Allan.
916 3820 947 3868 la
963 3825 1032 3867 ortus
1047 3823 1084 3866 est
1101 3828 1159 3873 uss,
1171 3817 1217 3877 qut
1235 3822 1303 3864 ortus
1318 3815 1381 3865 Red.

147 3939 152 3948 ·
223 3910 331 3971 Heind,
352 3916 420 3958 ortas
437 3912 457 3958 B
473 3905 598 3966 Vauohar,
618 3904 675 3953 who
695 3902 820 3952 transfers
837 3898 918 3948 estin
937 3900 999 3947 next
1016 3896 1070 3946 lina
1088 3899 1117 3944 to
1135 3895 1186 3944 end
1203 3894 1231 3944 of
1253 3899 1382 3944 sentence.

224 3995 256 4045 19
271 3996 315 4043 aed
322 3998 345 4043 Η
353 3991 491 4041 Moser’sE
501 3990 546 4038 Fa.
555 3987 609 4038 and
616 3985 733 4044 MAllen,
741 3985 784 4033 red
794 3989 831 4032 est
842 3995 891 4029 uss
902 3979 1032 4042 generally
1040 3976 1161 4042 (perhaps
1172 3975 1347 4036 dittographia
1356 3975 1384 4024 ol

222 4085 268 4136 set,
286 4077 319 4126 of.
336 4076 418 4139 διδ).
517 4073 547 4120 21
565 4068 657 4127 coiB,
676 4083 724 4131 qao
744 4081 793 4115 uss
810 4063 940 4127 generally
958 4060 1100 4124 (doubtloss
1117 4059 1157 4108 ior
1174 4057 1285 4120 original
1303 4057 1382 4122 quoi).

223 4153 467 4222 quodque-aitom.
480 4151 530 4202 BC.
596 4153 628 4199 23
644 4164 723 4211 oeque
735 4154 831 4196 alnas
835 4141 1116 4207 ,nequeenimestGH
1127 4138 1223 4188 Heind.
1290 4138 1321 4185 24
1338 4139 1382 4200 qui

224 4238 316 4291 Gedd.
328 4237 394 4288 aiter
405 4235 485 4286 Gran
489 4233 571 4296 ,quid
586 4231 691 4292 usslel.
705 4229 808 4289 abovs§
794 4229 853 4291 §.bl
951 4225 983 4274 25
1000 4224 1029 4273 id
1043 4224 1110 4286 qaod
1124 4221 1213 4284 [AOE]
1228 4218 1302 4280 BHG,
1317 4221 1383 4281 quod

223 4320 326 4371 B¹Pvrr
338 4318 437 4372 Oxt4.
535 4321 620 4364 autem
636 4319 673 4363 est
688 4323 746 4375 uss,
759 4316 795 4359 est
814 4315 898 4358 cutem
913 4305 972 4360 Sch.
1073 4305 1105 4353 28
1121 4301 1281 4362 eouleoX÷‚
1293 4303 1383 4364 equulo

224 4403 348 4464 ΟΜΝ,
362 4401 466 4464 equuleo
477 4402 535 4448 mi.
