3174 4990
456 425 520 476 nra.
543 426 571 474 11
594 424 666 474 cnr.
690 408 1137 495 xxrx-xxx1§§73-79.
1332 414 1387 549 29!

217 579 267 636 θεῖ
287 570 383 650 locus,
405 571 463 658 qui
485 571 615 638 ducitur
637 595 677 638 ex
699 571 913 639 admiratione
935 595 1043 639 rerum
1065 574 1254 640 caelestium
1276 558 1375 662 atqui

216 674 426 740 terrestrium.

281 777 427 843 Primum
442 778 542 864 igitur
556 788 615 844 aut
629 779 814 865 negandum
835 787 885 844 est
904 803 973 845 esse
989 781 1074 859 deos,
1096 782 1182 865 quod
1203 791 1237 847 et
1256 781 1374 848 Demo·
1388 787 1425 847 71

217 882 315 947 oritus
338 882 508 946 simulacra
531 890 564 946 et
583 882 742 966 Epicurus
763 882 921 968 imagines
940 883 1097 948 inducens
1120 884 1261 969 quodam
1280 893 1375 970 pacto

185 1010 202 1070 5
216 994 321 1072 negat,
336 994 401 1064 aut,
418 985 474 1071 qui
489 986 566 1051 deos
581 1008 650 1050 esse
671 986 857 1063 concedant,
872 986 911 1051 iis
930 987 1098 1052 fatendum
1119 995 1167 1052 est
1183 1009 1236 1052 eos
1251 987 1374 1074 aliquid

216 1113 319 1176 agere,
343 1090 442 1176 idque
468 1091 687 1176 praeclarum
720 1091 802 1156 nihil
828 1099 878 1158 est
891 1102 1014 1158 ¹autem
1040 1094 1234 1179 praeclarius
1259 1095 1374 1178 mundi

216 1195 513 1276 administratione3
546 1196 680 1261 deorum
705 1197 805 1282 igitur
831 1199 961 1263 consilio
985 1199 1236 1264 administratur.
1280 1200 1374 1280 Quod

217 1299 244 1363 si
266 1299 360 1364 aliter
382 1308 439 1379 est,
455 1300 577 1386 aliquid
599 1301 740 1386 profecto
764 1301 806 1365 sit
833 1324 961 1394 necesse
988 1310 1037 1367 est
1059 1302 1176 1368 melius
1198 1311 1232 1367 et
1254 1303 1374 1389 majore

216 1405 249 1469 vi
272 1405 453 1490 praeditum
477 1429 575 1492 quam
602 1406 688 1484 deus,
712 1407 807 1493 quale
833 1408 867 1472 id
894 1431 1033 1494 cumque
1058 1417 1115 1486 est,
1138 1409 1205 1473 sive
1228 1409 1375 1492 inanima

166 1532 204 1572 ro
217 1517 333 1574 natura
347 1511 415 1574 sive
429 1510 603 1576 necessitas
617 1511 650 1574 vi
665 1534 782 1596 magna
796 1511 931 1577 incitata
951 1513 1029 1578 haec
1049 1511 1265 1598 pulcherrima
1279 1534 1376 1598 opera

217 1612 367 1690 efficiens,
392 1636 475 1699 quae
497 1614 652 1679 videmus.
697 1615 773 1678 Non
796 1623 845 1679 θεῖ
867 1615 968 1700 igitur
990 1623 1107 1680 natura
1128 1615 1261 1680 deorum
1284 1638 1374 1701 prae-
1388 1629 1425 1686 77

216 1724 331 1801 potens
352 1739 458 1802 neque
481 1717 646 1794 excellens,
663 1717 823 1802 siquidem
845 1740 884 1782 ea
906 1719 1053 1805 subjecta
1073 1727 1123 1784 est
1141 1720 1172 1784 ei
1196 1719 1246 1785 vel
1266 1741 1374 1785 neces-

218 1821 307 1885 sitati
322 1820 375 1885 vel
385 1830 533 1898 naturae,
549 1844 614 1907 qua
636 1822 769 1900 caelum,
785 1822 895 1899 maria,
910 1831 1014 1913 terrae
1033 1831 1204 1908 regantur3
1228 1823 1311 1887 nihil
1326 1832 1375 1888 θεῖ

217 1934 327 1990 autem
342 1925 559 2010 praestantius
574 1925 652 2002 deo;
676 1925 718 1988 ab
733 1947 770 1989 eo
792 1925 892 2010 igitur
913 1925 1070 1991 mundum
1088 1949 1215 1992 necesse
1231 1936 1281 1992 θεῖ
1295 1927 1373 2014 regi.

166 2049 203 2109 15
219 2027 310 2092 Nulli
332 2029 432 2115 igitur
454 2038 504 2094 est
525 2037 659 2094 naturae
682 2028 854 2093 oboediens
872 2037 930 2094 aut
950 2029 1114 2115 subjectus
1137 2030 1224 2109 deus,
1245 2054 1374 2097 onmem

218 2155 292 2219 ergo
314 2135 399 2219 regit
420 2134 489 2220 ipse
516 2141 674 2198 naturam.
719 2132 851 2198 Etenim
875 2133 901 2198 si
924 2134 1127 2226 concedimus
1150 2120 1375 2221 intellegentes

218 2261 286 2304 esse
310 2240 393 2318 deos,
424 2239 629 2305 concedimus
659 2240 757 2305 etiam
789 2239 1002 2328 providentes
1035 2247 1068 2304 θῖ
1104 2262 1212 2304 rerum
1242 2240 1374 2326 quidem

217 2344 441 2410 maximarum.
486 2343 571 2428 Ergo
601 2353 712 2409 utrum
741 2344 899 2429 ignorant,
930 2365 1013 2429 quae
1039 2365 1090 2408 res
1115 2345 1276 2408 maximae
1300 2345 1374 2424 sint,

218 2469 345 2533 quoque
368 2470 424 2512 eae
447 2447 543 2512 modo
565 2447 752 2512 tractandae
775 2456 809 2512 θῖ
831 2447 980 2524 tuendae,
1003 2469 1045 2510 an
1068 2447 1135 2511 vim
1157 2470 1223 2512 non
1245 2448 1375 2529 habent,

165 2570 203 2608 20
217 2574 282 2637 qua
307 2560 414 2617 tantas
440 2573 490 2616 res
517 2552 698 2616 sustineant
725 2560 758 2616 et
780 2555 916 2636 gerantt
960 2551 1007 2614 At
1030 2558 1063 2615 et
1085 2550 1244 2636 ignoratio
1266 2573 1374 2616 rerum

218 2658 324 2723 aliena
353 2666 489 2722 naturae
520 2658 653 2723 deorum
691 2665 748 2734 est,
779 2665 813 2722 θῖ
848 2656 1028 2721 sustinendi
1066 2657 1208 2721 muneris
1245 2665 1375 2742 propter

218 2761 475 2827 imbecillitatem
496 2761 668 2826 difficultas
688 2760 823 2824 minime
844 2759 931 2824 cadit
949 2760 984 2823 in
1004 2760 1209 2845 majestatem
1231 2761 1373 2827 deorum.

219 2868 347 2954 Exque
363 2868 501 2934 efficitur
515 2868 558 2946 id,
572 2868 658 2953 quod
674 2867 829 2943 volumus
845 2866 978 2931 deorum
999 2865 1201 2950 providentia
1216 2867 1376 2936 mundum

218 2973 443 3040 administrari.
489 2974 613 3040 XXXI.
657 2972 762 3058 Atqui
777 2994 904 3037 necesse
926 2979 985 3050 est,
1001 2994 1075 3036 cum
1096 2973 1160 3036 sint
1181 2971 1222 3049 di,
1238 2971 1265 3036 si
1280 2972 1374 3036 modo
1388 2980 1426 3039 78
1442 3007 1456 3023 a
1562 3006 1564 3010 ·

167 3089 203 3151 25
219 3086 303 3154 sunt,
328 3085 367 3142 ut
390 3077 531 3162 profecto
558 3086 642 3154 sunt,
664 3077 845 3140 animantes
873 3098 950 3152 esse,
974 3098 1034 3140 nec
1057 3075 1161 3150 solum
1184 3076 1374 3154 animantes,
1415 3119 1424 3144 ·,

219 3184 274 3248 sed
290 3184 389 3249 etiam
405 3184 538 3249 rationis
554 3192 717 3269 compotes
732 3183 818 3248 inter
833 3205 931 3268 seque
944 3181 1036 3267 quasi
1051 3181 1137 3246 civili
1152 3169 1374 3247 conciliatione

219 3294 252 3351 et
267 3289 419 3352 societate
434 3287 629 3374 conjunctos,
645 3309 747 3351 unum
763 3277 922 3351 mundum
938 3295 976 3351 ut
991 3308 1194 3351 communem
1209 3308 1277 3350 rem
1292 3286 1374 3372 pub-

219 3390 314 3455 licam
336 3400 435 3477 atque
457 3391 571 3456 urbem
594 3391 737 3476 aliquam
758 3401 914 3476 regentes.
960 3390 1122 3474 Sequitur,
1138 3397 1176 3455 ut
1198 3389 1311 3454 eadem
1332 3389 1375 3454 sit
1387 3395 1424 3455 79

219 3495 254 3558 in
275 3495 324 3572 iis,
340 3517 425 3580 quae
448 3494 588 3559 humano
611 3495 644 3558 in
667 3516 793 3580 genere,
814 3494 905 3572 ratic,
925 3493 1038 3558 eadem
1060 3493 1179 3557 veritas
1202 3493 1374 3580 utrobique

166 3613 205 3671 30
219 3600 263 3663 sit
285 3599 462 3684 eademque
484 3599 546 3677 lex,
561 3622 643 3684 quae
666 3607 715 3664 θεῖ
736 3599 817 3664 recti
836 3598 1019 3685 praeceptio
1041 3597 1372 3694 praviqueqdepulsio.

218 3706 269 3769 Ex
293 3728 356 3791 quo
380 3705 580 3792 intellegitur
602 3706 809 3791 prudentiam
833 3727 960 3790 quoque
984 3713 1017 3769 et
1044 3712 1186 3769 mentem
1209 3726 1228 3768 a
1258 3703 1306 3768 dis
1333 3704 1374 3769 ad

1399 677 1403 695 1

269 3938 282 3985 1
300 3938 402 3986 dercilus·
412 3935 493 3995 BER,
506 3938 602 3987 dicitur
612 3935 728 3998 AGVHG,
742 3938 773 3986 dr
782 3941 821 3988 Bo
832 3936 890 3987 Oxi.
905 3936 938 3985 of.
951 3935 1029 3984 above
1041 3935 1102 3997 518.
1203 3937 1219 3984 8
1235 3937 1270 3984 ait
1280 3951 1374 3985 neccaro

218 4027 255 4069 cat
265 4021 353 4068 molius
364 4019 510 4070 ABoamo
521 4019 589 4078 oxa,
600 4022 635 4068 cit
646 4035 741 4069 necem
752 4022 887 4069 astrictius
903 4034 952 4068 ease
963 4019 1014 4080 EG,
1027 4021 1062 4068 a't
1072 4033 1167 4068 macrae
1179 4026 1215 4068 eat
1226 4034 1276 4068 aare
1286 4021 1375 4068 ocelim

220 4101 280 4166 (ease
292 4101 427 4166 superscr.)
440 4100 544 4152 anrv
554 4101 621 4160 Asa,
633 4117 727 4151 arcesse
741 4109 777 4150 θεῖ
794 4117 844 4151 carc
861 4103 949 4151 moliar
966 4099 1059 4151 Heind.
1157 4101 1176 4150 Ι9
1193 4101 1252 4150 deas
1264 4101 1296 4148 Β2
1307 4100 1374 4160 edd,

218 4183 410 4232 dcoaAB¹OEV
421 4184 488 4233 Mus.
503 4184 560 4234 Oxf.
574 4183 599 4233 U
611 4183 706 4234 Heind.
719 4184 801 4233 Allan.
870 4247 871 4251 Ἰ
901 4185 932 4231 13
949 4183 1021 4232 Laet.
1034 4184 1375 4246 rtathilcstpraestontiaa

220 4268 281 4316 deo:
299 4269 331 4316 ab
342 4282 369 4316 eo
380 4269 461 4328 icitur
471 4269 589 4316 mandam
599 4268 654 4328 rapi
664 4282 761 4316 accerse
776 4274 818 4317 est.
855 4268 1015 4329 Nulli-ipae
1029 4272 1154 4315 naturam.
1254 4266 1285 4313 24
1301 4270 1385 4329 atqui

220 4363 268 4399 uss
284 4349 422 4411 generally,
439 4357 515 4413 atque
531 4349 564 4411 U,
578 4349 611 4400 cf.
624 4352 638 4411 5
653 4350 693 4399 89.
792 4350 862 4398 uredo
878 4355 937 4399 aaut
953 4347 1017 4398 Gltc
1034 4347 1095 4412 Bag.
1107 4345 1164 4396 edd.
1182 4347 1248 4398 after
1263 4347 1374 4409 Wallrer,

219 4432 289 4481 niodo
301 4433 352 4481 rint
364 4445 412 4480 uss
423 4431 560 4496 generally.
