3174 4990
432 418 498 466 nis.
522 419 548 464 11
572 417 643 466 car.
668 419 751 479 xnn,
775 403 924 488 1111111
948 405 1127 472 107-111.
1315 411 1359 471 11

204 562 255 626 cui
270 563 415 649 subjecta
429 564 532 627 fertur

309 676 437 745 spicum
456 675 591 730 illustre
610 679 728 728 tenens
748 674 944 745 splendenti
964 694 1104 748 corpore
1125 680 1232 749 Virgo.

206 790 327 855 XLIII.
373 791 469 867 Dein,
486 812 568 875 quae
585 799 774 876 sequuntur.

241 932 244 940 ·
311 907 354 961 Et
372 912 469 964 natos
491 908 647 963 Geminos
667 908 795 964 invises
816 910 877 965 sub
896 915 997 982 caput
1017 913 1121 968 Arcti.

176 1014 191 1073 5
313 993 494 1066 Subjectus
514 997 641 1051 mediae
661 1000 712 1051 est
734 997 868 1065 Cancer,
889 998 1098 1069 pedibusque
1117 1004 1254 1056 tenetur

312 1099 451 1151 magnus
469 1082 532 1136 Leo
547 1082 725 1137 tremulam
747 1084 904 1152 quatiens
925 1101 941 1138 e
962 1102 1099 1156 corpore
1120 1086 1294 1143 flammam.

208 1194 332 1281 Auriga
400 1245 402 1248 -

313 1308 372 1363 sub
390 1307 484 1363 laeva
505 1309 718 1364 Geminorum
739 1310 905 1365 obductus
925 1315 1021 1382 parte
1037 1312 1172 1366 feretur.

315 1397 501 1452 Adversum
520 1401 621 1467 caput
640 1397 719 1451 huic
739 1397 877 1452 Helicae
895 1398 1091 1453 truculenta
1108 1403 1231 1454 tuetur.

161 1503 196 1540 10
316 1484 360 1537 At
380 1484 486 1554 Capra
505 1483 636 1538 laevum
657 1501 807 1537 umerum
825 1483 914 1538 clara
936 1484 1074 1540 obtinet.

214 1597 318 1680 [Turn
335 1619 419 1682 quae
435 1605 616 1682 sequuntur
629 1598 649 1681 ε]

317 1733 430 1770 verum
449 1716 530 1770 haec
548 1720 599 1770 est
617 1733 734 1786 magno
752 1720 853 1785 atque
874 1715 1008 1769 illustri
1027 1717 1183 1786 praedita
1203 1717 1306 1788 signo,

319 1808 436 1858 contra
456 1804 562 1859 Haedi
585 1805 740 1874 exiguum
756 1803 890 1873 jaciunt
911 1803 1113 1858 mortalibus
1132 1804 1248 1874 ignem.

215 1916 318 2002 Cujus
333 1917 394 1988 sub
408 1917 546 2002 pedibus

165 2059 198 2118 15
321 2039 473 2108 corniger
491 2042 542 2092 est
563 2039 675 2094 valido
694 2039 833 2093 conixus
852 2056 990 2109 corpore
1011 2039 1149 2094 Taurus.

217 2149 296 2236 Ejus
312 2158 409 2234 caput
425 2148 524 2212 stellis
539 2169 745 2232 conspersum
761 2156 810 2212 est
825 2149 1069 2233 frequentibus:
1272 2161 1274 2164 ’
1392 2174 1446 2231 111

321 2271 379 2325 has
398 2270 517 2344 Graeci
535 2270 655 2324 stellas
674 2269 810 2341 Hyadas
828 2270 976 2323 vocitare
995 2274 1141 2338 suerunt,

222 2385 253 2467 [a
268 2383 409 2469 pluendo
423 2407 430 2462 ;
452 2379 522 2447 ὕειν
537 2382 626 2446 enim
642 2389 691 2446 est
706 2381 831 2466 pluere]
845 2381 946 2445 nostri
960 2381 1110 2465 imperite
1126 2381 1270 2459 Suculae,
1287 2383 1380 2468 quasi

119 2509 124 2514 *
220 2511 240 2551 a
262 2487 361 2551 subus
383 2494 501 2563 essent,
517 2508 583 2550 non
603 2486 644 2549 ab
664 2485 823 2549 imbribus
846 2485 1040 2549 nominatae.
1086 2486 1246 2550 Minorem
1269 2496 1378 2552 autem
1413 2553 1417 2558 ,

169 2615 206 2654 20
224 2587 486 2673 Septentrionem
503 2586 653 2672 Cepheus
668 2587 770 2672 passis
784 2585 901 2672 palmis
917 2609 938 2650 a
952 2593 1041 2671 tergo
1057 2586 1283 2671 subsequitur:

330 2723 470 2774 namque
490 2705 559 2775 ipse
580 2704 621 2760 ad
642 2709 772 2775 tergum
793 2704 983 2776 Cynosurae
1001 2705 1147 2758 vertitur
1164 2705 1267 2760 Arcti.

224 2819 322 2882 Hunc
338 2817 500 2881 antecedit

326 2934 468 2989 obscura
488 2937 600 3006 specie
619 2936 795 2990 stellarum
815 2936 994 3007 Cassiepia

329 3025 431 3078 Hanc
444 3028 554 3078 autem
576 3025 705 3079 illustri
725 3030 880 3080 versatur
899 3028 1189 3096 corporepropter

278 3254 292 3301 l
310 3257 353 3302 eui
369 3256 391 3303 B
408 3254 442 3317 by
460 3261 579 3306 1111.οΒ
594 3256 685 3306 Lamb.
704 3255 800 3304 Heind.
813 3256 856 3306 Or.
867 3257 924 3314 Ba..
942 3257 1011 3318 11111
1025 3257 1130 3319 pedibus
1145 3256 1208 3305 Dav.
1226 3256 1309 3307 Klotz.
1326 3257 1383 3309 Sch.

231 3331 296 3391 Mu„
314 3335 385 3396 cajus
405 3348 454 3382 uss
473 3334 612 3396 generally,
632 3337 702 3396 cujus
718 3336 763 3383 sub
779 3337 884 3398 pedibus
903 3335 988 3394 Allen,
1005 3335 1052 3384 but
1069 3351 1110 3384 see
1127 3334 1212 3385 Madv.
1230 3338 1289 3386 Fin.
1307 3337 1384 3385 1148.

227 3415 243 3461 2
261 3417 357 3477 spicum
373 3417 473 3464 illustre
484 3417 570 3478 ferens
586 3419 681 3478 insigni
699 3432 798 3479 corpore
814 3419 885 3479 uirgo
904 3418 972 3467 Serv.
988 3417 1022 3467 ad
1043 3419 1100 3467 Geo.
1117 3418 1198 3466 1111.
1298 3420 1314 3467 3
1330 3421 1390 3468 dein

231 3511 296 3558 qaae
311 3503 450 3558 sequuntur
464 3496 619 3557 transposed
630 3497 698 3546 from
710 3495 850 3559 beginning
862 3498 890 3546 of
903 3501 916 3558 5
931 3497 959 3546 in
975 3498 1046 3560 place
1062 3498 1090 3547 of
1105 3505 1181 3560 cique
1195 3499 1389 3561 ita-appareat

232 3576 388 3640 transposed
407 3579 435 3626 to
457 3577 543 3637 5104.
578 3577 628 3627 nd.
743 3579 875 3627 inediae
895 3585 931 3627 esi
950 3577 1006 3628 edd.
1032 3578 1098 3628 after
1115 3578 1229 3640 Grotius,
1253 3582 1390 3629 mediaest

233 3659 407 3725 (=needr'aest)
420 3673 478 3721 uss,
493 3659 525 3710 ef.
539 3661 553 3720 1
566 3660 620 3711 150.
731 3661 746 3710 9
763 3661 870 3709 Helicae
881 3658 938 3708 edd.
953 3660 1020 3708 after
1032 3658 1146 3718 Grotius,
1158 3661 1248 3708 Helice
1260 3675 1289 3709 or
1299 3663 1390 3710 Elieue

233 3756 281 3790 uss
298 3742 436 3805 generally,
459 3745 561 3792 Helices
583 3743 667 3792 Allen.
796 3743 828 3792 10
855 3745 926 3792 clara
943 3741 1066 3805 [ABE]G‚
1090 3743 1159 3791 claro
1181 3741 1266 3792 OVBE
1289 3743 1390 3796 Oxf.÷.

236 3822 266 3869 11
286 3829 338 3870 luni
354 3837 419 3884 quae
437 3830 574 3884 sequuntur
590 3823 619 3870 in
636 3821 753 3872 brackets
768 3821 827 3881 Ed,
846 3830 897 3872 turn
914 3839 977 3885 quae
993 3823 1066 3885 [E]B,
1079 3830 1177 3885 turaque
1189 3822 1278 3871 ABCV
1290 3822 1390 3876 Oxf.÷.

235 3904 265 3952 15
283 3905 386 3952 conisus
399 3903 481 3968 (eona)
495 3903 614 3954 GLamb.
627 3904 734 3954 Grotius
748 3903 845 3954 Heind.
857 3903 922 3966 edd,
937 3919 1043 3954 coneaus
1056 3904 1142 3953 ABCB
1154 3903 1212 3953 Oxi.
1224 3903 1257 3963 U,
1269 3920 1391 3954 connexus

230 3985 386 4054 1111111101,
412 4001 533 4036 convexus
555 3988 620 4036 Dav.
641 3987 726 4037 Allan.
822 3985 824 3989 '
864 3989 894 4037 18
917 4005 934 4036 a
952 3990 1180 4050 pluendo—pluere
1201 4001 1249 4036 uss
1272 3987 1339 4048 Seh,
1362 3987 1391 4035 in

231 4067 349 4117 brackets
367 4070 409 4120 Or.
425 4070 471 4120 Ba.
489 4070 543 4120 Mu.
561 4070 629 4120 11111
645 4071 743 4119 Gruter
760 4070 812 4120 and
828 4069 940 4122 Walker.
1042 4072 1074 4120 20
1091 4086 1108 4118 1
1126 4077 1192 4132 tergo
1210 4074 1227 4119 0
1243 4069 1307 4120 Dav.
1322 4068 1388 4130 edd,

233 4157 302 4211 terga
319 4165 368 4200 uss
385 4152 524 4214 generally,
544 4160 611 4214 tergo
629 4152 684 4201 GR.
783 4153 814 4201 21
831 4154 884 4214 ipse
901 4152 966 4200 Dav.
986 4152 1022 4217 (1ο
1039 4166 1113 4213 agree
1130 4150 1193 4200 with
1210 4151 1255 4200 the
1272 4149 1391 4214 original)

233 4232 329 4280 Heind.
342 4232 386 4281 Or.
397 4234 455 4296 Ba,
469 4237 550 4297 ipsum
564 4249 612 4283 uss
626 4234 756 4296 generally
770 4234 829 4284 Sch.
842 4233 908 4296 Mu,
921 4237 979 4296 ipsa
990 4234 1031 4282 El.
1044 4238 1098 4283 MR.
1175 4247 1310 4296 cynosurae
1325 4231 1392 4290 edd,

233 4330 357 4378 cynosura
373 4330 427 4380 uss
437 4318 575 4380 generally,
588 4332 707 4382 cynosura
719 4317 750 4366 B.
850 4318 882 4364 22
898 4318 1024 4366 antecedit
1039 4315 1100 4365 here
1112 4316 1131 4363 P
1147 4328 1335 4364 recommences
1349 4313 1393 4377 (no

234 4396 315 4448 doubt
326 4398 371 4448 the
383 4414 453 4449 same
466 4415 495 4464 as
507 4401 623 4451 Gruter’s
635 4401 689 4451 Pal.
702 4401 787 4450 which
804 4415 992 4450 recommences
1004 4399 1079 4464 also).
