3174 4990
531 427 596 480 mn.
619 429 647 476 11
668 427 740 478 car.
763 371 863 478 ΗΠ
885 414 923 500 §§
945 417 1031 485 3-7
1339 425 1359 486 3
1424 425 1427 432 ’

103 565 105 574 ’
202 570 374 656 Opinionis
389 571 477 636 enim
492 580 677 638 commenta
691 574 779 639 delet
794 574 871 653 dies,
886 584 1022 642 naturae
1039 577 1166 664 judicia·
1182 581 1358 647 confirmat.

200 673 318 762 Itaque
336 685 386 764 'et
412 678 448 742 in
478 688 588 744 nostro
618 680 738 765 populo
768 688 802 745 et
828 681 865 744 in
890 683 1006 747 ceteris
1026 683 1162 750 deorum
1184 686 1290 752 cultus
1311 709 1361 752 re-

200 779 422 866 ligionumque
433 783 624 848 sanctitates
635 783 798 848 exsistunt
808 784 844 848 in
856 784 924 849 dies
939 785 1077 871 majores
1088 796 1187 874 atque
1203 791 1359 858 meliores.

199 883 305 968 quue
321 885 429 949 evenit
443 907 509 949 non
523 892 646 949 temere
662 906 721 949 nec
736 907 820 962 casu,
835 885 892 950 sed
907 886 994 970 quod
1012 896 1047 951 et
1064 898 1250 972 praesentes
1264 913 1359 977 saepe
1373 901 1391 957 6

167 1005 183 1065 5
199 985 233 1049 di
251 987 319 1050 vim
338 1009 431 1052 suam
449 987 624 1065 declarant,
644 996 683 1051 ut
705 996 744 1051 et·
758 989 846 1072 apud
867 989 1032 1074 Regillum
1052 991 1138 1056 bello
1160 993 1360 1072 Latinorum,

198 1109 274 1152 cum
297 1090 335 1154 A
360 1089 548 1155 Postumius
574 1090 713 1155 dictator
741 1113 817 1155 cum
843 1092 979 1157 Octavio
1003 1093 1151 1160 Mamilio
1177 1096 1359 1162 Tusculano

197 1191 319 1274 proelio
334 1191 511 1271 dimicaret,
525 1192 560 1256 in
574 1200 683 1258 nostra
702 1193 770 1257 acie
792 1193 907 1258 Castor
927 1202 961 1258 et
982 1195 1100 1260 Pollux
1121 1219 1162 1261 ex
1184 1199 1277 1283 equis
1298 1221 1358 1285 pu·

197 1315 298 1378 gnare
312 1294 373 1359 visi
391 1303 479 1374 sunt,
494 1302 529 1360 et
543 1297 719 1366 recentiore
732 1297 890 1362 memoria
907 1297 996 1362 idem
1010 1299 1212 1384 Tyndaridae
1227 1302 1357 1367 Persem

147 1455 149 1462 ,
197 1395 323 1461 victum
336 1397 580 1465 nuntiaverunt.
623 1400 658 1464 P.
675 1399 762 1464 enim
778 1400 939 1479 Vatinius,
955 1424 1035 1466 avus
1055 1401 1154 1488 hujus
1171 1403 1358 1470 adulescen-

42 1520 46 1535 ·
146 1503 250 1582 rotis,
265 1525 338 1581 cum
354 1525 372 1568 e
387 1501 745 1587 praefecturalReatina
758 1503 898 1568 Romam
913 1505 1059 1570 venienti
1073 1512 1171 1571 noctu
1187 1507 1253 1572 duo
1261 1508 1357 1594 juve-

198 1627 256 1670 nes
267 1628 341 1670 cum
354 1607 446 1692 equis
461 1605 543 1671 albis
558 1606 717 1672 dixissent
732 1629 841 1692 regem
857 1608 989 1673 Persem
1004 1609 1060 1674 illo
1071 1609 1124 1674 die
1136 1620 1277 1696 captum,
1286 1635 1357 1680 cum

198 1708 325 1772 senatui
340 1709 565 1788 nuntiavisset,
576 1710 690 1794 primo,
703 1710 795 1795 quasi
811 1718 934 1775 temere
953 1711 994 1776 de
1014 1733 1049 1776 re
1070 1711 1201 1796 publica
1219 1713 1356 1793 locutus,

198 1809 233 1872 in
247 1832 406 1876 carcerem
420 1812 586 1898 conjectus
601 1821 660 1893 est,
675 1822 749 1898 post
766 1837 796 1878 a·
805 1813 908 1880 Paulo
925 1814 1043 1880 litteris
1056 1815 1165 1881 allatis
1179 1839 1253 1881 cum
1268 1818 1356 1882 idem

197 1913 266 1978 dies
289 1914 493 1992 constitisset,
520 1924 553 1980 et
582 1937 658 2000 agro
688 1939 708 1980 a
737 1924 852 1981 senatu
879 1924 913 1982 et
938 1919 1105 1984 vacatione
1132 1920 1271 1986 donatus
1297 1933 1355 1988 est.

37 2046 41 2072 ε
145 2041 182 2102 15
197 2016 307 2101 Atque
322 2017 421 2082 etiam
436 2041 511 2083 cum
526 2019 568 2083 ad
582 2020 720 2086 fluvium
735 2019 871 2106 Sagram
887 2021 1091 2090 Crotoniatas
1106 2023 1200 2088 Locri
1214 2025 1356 2092 maximo

168 2145 171 2149 ⁸
196 2124 316 2208 proelio
331 2124 533 2203 devicissent,
549 2147 587 2190 eo
601 2125 671 2210 ipso
687 2125 739 2190 die
761 2126 907 2191 auditam
925 2148 994 2191 esse
1013 2149 1085 2191 eam
1104 2149 1250 2213 pugnam
1272 2127 1356 2192 ludis

196 2227 367 2313 Olympiae
382 2228 554 2293 memoriae
568 2229 734 2314 proditum
754 2237 812 2294 est.
857 2229 961 2314 Saepe
981 2230 1167 2294 Faunorum
1188 2253 1280 2295 voces
1300 2253 1355 2295 ex-

195 2329 337 2405 auditae,
352 2351 447 2414 saepe
465 2329 552 2393 visae
574 2329 695 2394 formae
716 2330 850 2394 deorum
871 2328 1018 2413 quemvis
1040 2352 1103 2393 non
1125 2338 1182 2395 aut
1202 2329 1355 2394 hebetem

196 2439 254 2496 aut
268 2431 407 2516 impium
418 2430 493 2496 deos
504 2439 692 2516 praesentes
703 2455 773 2497 esse
784 2431 931 2497 confiteri
942 2438 1125 2516 coegerunt.
1165 2431 1231 2497 ΙΙΙ.
1257 2431 1386 2496 Prae-'i

142 2553 183 2596 20
196 2533 352 2598 dictiones
380 2555 455 2598 vero
485 2540 519 2598 et
548 2533 788 2617 praesensiones
813 2554 922 2596 rerum
946 2533 1130 2596 futurarum
1160 2530 1240 2614 quid
1265 2531 1354 2595 aliud
1400 2602 1403 2607 ,

195 2634 358 2700 declarant
379 2634 443 2700 nisi
463 2635 650 2700 hominibus
674 2657 713 2699 ea
736 2635 872 2712 ostendi,
892 2634 1071 2711 monstrari,
1089 2631 1247 2720 portendi,
1264 2655 1355 2718 pree

195 2737 282 2802 dicii
313 2759 354 2820 ex
378 2758 443 2821 quo
473 2737 530 2804 illa
554 2746 720 2815 ostenta,
744 2747 930 2816 monstra,
956 2743 1147 2821 portenta,
1171 2735 1354 2821 prodigia

195 2840 355 2906 dicuntur.
392 2841 516 2921 Quodsi
528 2865 567 2906 ea
577 2842 654 2908 ficta
668 2841 829 2906 credimus
843 2841 977 2906 licentia
991 2841 1182 2919 fabularum,
1192 2835 1353 2925 Mopsum,
1453 2847 1456 2852 '

194 2943 361 3020 Tiresiam,
391 2944 638 3030 Amphiaraum,
666 2943 888 3023 Calchantem,
915 2943 1217 3028 Helenum-quos
1242 2951 1353 3007 tamen

140 3075 158 3114 2
162 3072 179 3132 5
193 3071 331 3136 augures
345 3073 386 3115 ne
399 3051 488 3136 ipsae
503 3051 636 3135 quidem
650 3049 779 3115 fabulae
795 3050 991 3127 ascivissent,
1004 3049 1032 3114 si
1047 3071 1098 3117 res
1112 3048 1243 3113 omnino
1258 3069 1353 3132 repu-

193 3152 416 3233 diarent-ne
436 3153 621 3219 domesticis
641 3153 775 3239 quidem
796 3153 955 3238 exemplis
973 3153 1060 3217 docti
1080 3173 1202 3215 numen
1219 3150 1352 3214 deorum

242 3329 256 3378 1
273 3332 400 3394 opinionis
417 3331 469 3392 GE,
483 3333 611 3394 opiniones
623 3335 651 3391 B,
662 3333 778 3394 opinione
794 3332 816 3381 A
829 3330 968 3393 (doubtful)
980 3331 1044 3392 B¹H‚
1058 3333 1203 3394 opinionum
1219 3328 1252 3378 13²
1263 3329 1354 3380 Oxe'r

192 3410 249 3464 Asc.
259 3412 347 3466 ÷Sch.
463 3414 478 3461 4
495 3421 520 3462 et
531 3413 595 3476 Xi,
610 3416 687 3462 etiam
698 3413 763 3475 U÷,
777 3428 828 3464 om.
843 3413 902 3463 Oxi.
914 3418 1003 3464 nucu
1013 3413 1072 3461 Asc.
1084 3412 1168 3462 Allan.
1278 3426 1351 3474 prae·

191 3501 270 3542 renue
281 3493 359 3552 Aua,
368 3494 570 3557 praesentiamB
584 3494 621 3555 (in
632 3497 695 3556 ras.)
704 3494 747 3543 OE
760 3494 819 3544 Oxf.
827 3494 896 3543 Mus.
908 3493 1037 3555 generally
1047 3492 1132 3541 Allen.
1231 3493 1246 3540 ὅ
1263 3492 1290 3539 di
1300 3492 1352 3540 nint

191 3587 263 3622 naam
272 3574 296 3623 A
308 3574 344 3638 (in
360 3578 423 3637 ras.)
439 3575 499 3624 icur
515 3575 544 3625 oi
559 3575 652 3634 Moser,
665 3577 720 3625 divi
736 3578 875 3639 cinyram
891 3574 923 3633 G,
936 3576 976 3623 dii
991 3575 1044 3622 vim
1060 3577 1090 3634 E,
1109 3574 1165 3622 diui
1181 3587 1252 3621 naam
1265 3571 1352 3620 Bona

192 3654 258 3716 Oxi,
270 3657 325 3704 divi
333 3657 373 3706 nti
382 3661 451 3706 nv
461 3657 521 3706 Asc.
619 3657 644 3706 9·
655 3658 773 3706 Vatinius
782 3656 848 3715 edd,
858 3657 973 3705 catienus
984 3669 1034 3704 uss
1041 3655 1179 3717 generally,
1188 3654 1235 3703 but
1242 3653 1270 3702 in
1278 3667 1311 3702 111
1321 3655 1351 3702 13

190 3737 298 3784 uatium
404 3737 435 3784 11
453 3752 508 3786 curn
518 3737 618 3785 renatnt'
629 3739 799 3786 nuntiavisset
810 3733 910 3786 Vahlen
922 3736 975 3800 (sce
986 3733 1107 3797 domm),
1120 3735 1220 3783 senatui
1231 3734 1350 3782 nuntiavi

190 3825 227 3867 aet
237 3819 268 3879 Δ,
282 3833 332 3869 ren.
351 3821 540 3869 nurwiauiaeent
558 3819 601 3881 (by
617 3811 796 3880 conficient)
813 3817 844 3879 B,
859 3833 911 3867 een.
925 3819 1066 3866 nuntiasset
1083 3815 1168 3876 OBLO,
1181 3829 1233 3863 ren.
1245 3816 1349 3862 nuncia-

190 3901 267 3949 uirset
282 3900 337 3959 ER,
349 3903 497 3964 senatuique
513 3902 682 3950 nuntiavisset
699 3898 723 3947 G
740 3897 835 3948 Heind.
852 3898 909 3959 Ba,
928 3900 1027 3947 termini
1043 3899 1176 3946 nuntiauit
1192 3904 1217 3946 et
1232 3896 1291 3945 Oxi.
1303 3899 1349 3946 ΤΗ

189 3981 248 4031 Aac.
260 3981 303 4032 Or.
319 3981 379 4031 sch.
391 3981 445 4031 Mu.
528 3967 560 4031 18
575 3997 626 4031 non
636 3989 682 4030 aut
693 3980 750 4030 edd.
763 3981 830 4030 aiter
840 3980 915 4038 Dav„
928 3987 974 4029 aut
985 3995 1035 4029 nan
1046 3979 1069 4027 X
1081 3977 1139 4026 Oxi.
1147 3989 1181 4036 ÷‚
1194 3992 1244 4026 nan
1255 3977 1348 4026 (imi.

191 4063 222 4113 19
238 4070 376 4126 caeperunt,
389 4063 514 4123 coeperint
527 4062 610 4114 Allen.
712 4061 743 4109 21
761 4062 909 4122 haminibus,
924 4061 1048 4108 divinitus
1060 4057 1127 4120 conj.
1142 4057 1212 4115 Sch„
1224 4058 1349 4105 divinitae

190 4145 329 4193 haminibus
345 4143 458 4204 Brieger.
572 4159 603 4192 ea
621 4142 650 4190 M
667 4142 697 4190 oi
712 4141 799 4191 Moser
814 4141 871 4191 cdd.
892 4141 958 4190 aiter
977 4139 1046 4196 ech,
1066 4154 1178 4201 eaquae
1194 4140 1246 4186 tint
1261 4137 1349 4187 anro

190 4225 257 4283 oze,
269 4241 300 4275 ea
316 4241 379 4288 quae
390 4233 449 4275 aunt
460 4225 536 4285 (imi,
549 4240 578 4274 ea
589 4240 653 4287 quae
664 4231 723 4273 aunt
730 4226 823 4290 futura
834 4229 852 4274 0
863 4223 924 4284 Reg.
937 4223 965 4272 oi
974 4222 1040 4272 Dav.
1052 4219 1149 4270 Heind.
1221 4220 1347 4281 praedici,

184 4309 286 4370 prodici
299 4307 368 4370 conj.
380 4306 526 4357 Swainson.
624 4307 655 4355 25
671 4307 836 4368 repudiarent
855 4305 1012 4354 murano
1028 4302 1088 4352 Oxi.
1108 4301 1192 4358 Allan,
1204 4300 1348 4363 repudiaret

188 4389 232 4452 [O]
242 4395 264 4439 li
275 4389 338 4440 Red.
350 4389 419 4448 cdd,
429 4392 608 4453 repudiaretur
619 4389 675 4439 GU.

1176 4486 1260 4546 1-2
