3174 4990
411 381 475 430 119.
500 382 528 428 11
551 381 622 431 car.
646 371 1182 457 11111911-1111111119995-100.
1334 379 1375 447 37

219 525 387 590 videamus
419 529 677 594 constantissime
708 532 931 597 conficientem
960 534 1199 601 vicissitudines
1229 539 1376 604 anniver-

218 629 548 695 99119999111991111119
572 633 676 697 salute
701 641 734 697 et
757 635 997 700 conservatione
1020 659 1127 701 rerum
1148 640 1377 720 9191119111,(111-

218 733 369 812 bitamus,
386 736 463 820 quin
488 759 527 800 ea
550 759 614 800 non
638 725 742 802 solum
762 740 887 804 ratione
903 741 991 817 fiant,
1007 742 1062 805 sed
1086 743 1185 807 etiam
1206 746 1376 811 excellenti

218 837 391 922 divinaque
417 840 564 904 ratione?
607 842 699 906 Licet
721 843 809 906 enim
827 843 898 927 jam
920 852 1045 907 remota
1067 845 1249 911 subtilitate
1267 848 1375 933 dispu·
1389 860 1427 918 98

187 941 309 1019 5tandi
333 943 432 1008 oculis
455 943 594 1027 quodam
617 945 711 1008 modo
734 946 945 1030 contemplari
968 946 1245 1030 pulchritudinem
1268 957 1375 1014 rerum
1456 959 1464 975 “

218 1065 337 1121 99111111,
353 1067 432 1128 quas
448 1047 558 1110 divina
573 1048 776 1132 providentia
791 1049 928 1112 dicimus
944 1051 1143 1114 constitutas.
1223 1064 1232 1071 '

283 1147 439 1213 XXXIX.
484 1148 533 1212 Ac
562 1151 720 1234 principio
740 1159 826 1214 terra
850 1151 1001 1215 universa
1027 1161 1183 1228 cernatur,
1210 1154 1315 1218 locata
1341 1155 1376 1218 in

216 1252 323 1316 media
347 1254 420 1318 sede
448 1255 570 1331 mundi,
596 1255 698 1319 solida
722 1264 755 1319 et
778 1256 910 1341 globosa
932 1266 966 1320 et
989 1257 1133 1342 undique
1156 1259 1226 1344 ipsa
1248 1260 1283 1323 in
1307 1282 1375 1324 sese

137 1431 139 1433 ¹
216 1357 350 1422 nutibus
365 1360 432 1423 suis
443 1361 641 1445 conglobata,
659 1361 776 1424 vestita
796 1361 936 1438 floribus
952 1362 1070 1438 herbis,
1086 1363 1262 1439 arboribus,
1276 1364 1375 1449 frugi-

167 1481 203 1519 10
216 1458 285 1536 bus,
301 1484 437 1546 quorum
454 1464 600 1526 omnium
616 1453 812 1528 incredibilis
828 1464 1005 1529 multitudo
1026 1465 1203 1529 insatiabili
1217 1466 1375 1532 varietate

129 1631 132 1634 ,
216 1563 435 1648 distinguitur.
479 1565 573 1630 Adde
591 1566 655 1630 huc
675 1567 814 1630 fontium
833 1566 955 1651 gelidas
978 1568 1207 1651 perennitates,
1235 1569 1375 1653 liquores

215 1664 395 1749 perlucidos
415 1668 570 1746 amnium,
587 1668 730 1753 riparum
752 1669 888 1732 vestitus
910 1669 1127 1744 viridissimos,
1150 1670 1374 1755 speluncarum

215 1791 368 1858 concavas
384 1773 623 1856 amplitudines
637 1795 785 1836 saxorum
802 1771 1000 1856 asperitates,
1010 1772 1269 1856 impendentium
1284 1796 1375 1837 mon-

214 1873 300 1936 tium
314 1873 503 1938 altitudines
517 1875 817 1959 immensitatesque
829 1897 1015 1960 camporum
1027 1899 1035 1954 ;
1057 1875 1138 1939 adde
1150 1876 1250 1940 ctiam
1265 1899 1375 1940 recon-

164 1996 198 2055 15
215 1974 300 2039 ditas
315 1977 385 2040 auri
401 1978 592 2062 argentique
613 2000 711 2042 venas
732 1978 957 2062 infinitamque
978 1979 1045 2041 vim
1064 1979 1238 2043 marmoris.
1283 1979 1375 2058 Quae
1389 1986 1426 2043 99

215 2102 290 2145 vero
306 2090 339 2146 et
354 2105 452 2168 quam
472 2085 561 2148 varia
581 2106 700 2169 genera
717 2083 893 2147 bestiarum
911 2083 963 2148 vel
986 2082 1127 2147 cicurum
1149 2085 1201 2148 vel
1222 2084 1375 2149 ferarum!

215 2185 272 2269 qui
292 2186 470 2256 volucrium
492 2189 601 2273 lapsus
619 2196 718 2272 atque
739 2193 864 2250 cantus!
886 2187 942 2271 qui
960 2186 1120 2271 pecudum
1141 2191 1269 2270 pastus!
1293 2209 1376 2270 quae

215 2290 284 2354 vita
306 2291 518 2356 silvestrium!
563 2292 650 2372 Quid
672 2292 743 2377 jam
768 2292 808 2356 de
830 2291 1000 2356 hominum
1020 2291 1136 2374 genere
1160 2291 1289 2354 dicaml
1320 2292 1376 2374 qui

215 2395 308 2479 quasi
323 2397 460 2461 cultores
475 2406 580 2461 terrae
596 2397 765 2461 constituti
780 2420 845 2461 non
865 2397 1036 2482 patiuntur
1053 2419 1123 2460 eam
1145 2419 1204 2460 nec
1226 2397 1376 2461 immani-

164 2521 201 2558 20
215 2503 283 2560 tate
299 2497 468 2562 beluarum
481 2499 603 2563 efferari
615 2521 674 2562 nec
686 2499 835 2583 stirpium
848 2499 1021 2582 asperitate
1032 2498 1160 2573 vastari,
1173 2505 1375 2582 quorumque
1430 2563 1432 2566 ,

216 2604 366 2689 operibus
396 2605 474 2688 agri,
502 2605 627 2668 insulae
658 2605 817 2689 litoraque
847 2604 1008 2667 collucent
1033 2602 1187 2666 distincta
1216 2602 1312 2666 999919
1342 2610 1376 2666 99

216 2708 359 2773 urbibus.
406 2708 498 2788 Quae
518 2709 554 2786 si,
575 2717 613 2772 ut
633 2709 758 2788 animis,
774 2709 818 2773 919
838 2707 938 2772 oculis
960 2708 1068 2789 videre
1090 2715 1264 2791 possemus,
1280 2730 1375 2772 nemo
1414 2697 1415 2700 ¹

217 2822 367 2877 cunctam
388 2814 520 2878 intuens
540 2823 660 2878 terram
681 2814 722 2878 de
742 2813 853 2878 divina
872 2813 996 2877 ratione
1015 2813 1187 2876 dubitaret.
1233 2811 1279 2876 At
1301 2816 1445 2875 ver0100

217 2923 339 2998 quanta
353 2917 514 3002 marisest
529 2916 753 3002 pulchritudo!
776 2938 859 3000 quae
875 2915 995 3000 species
1011 2915 1152 2980 universi
1167 2920 1172 2978 1
1196 2936 1280 2999 quae
1292 2914 1375 2977 mul·

166 3037 201 3096 25
216 3019 324 3084 titudo
354 3029 388 3085 et
407 3021 555 3084 ‘varietas
585 3020 787 3084 insularum!
826 3041 909 3103 quae
939 3019 1151 3082 amoenitates
1181 3039 1309 3081 orarum
1339 3039 1376 3080 99

216 3122 371 3188 litorum!
396 3133 476 3209 quot
497 3146 617 3207 genera
639 3145 802 3209 quamque
825 3123 964 3214 disparia
985 3121 1103 3207 partim
1126 3121 1376 3198 submersarum,

216 3227 337 3310 partim
368 3229 569 3292 fluitantium
600 3237 634 3292 et
663 3228 849 3291 innantium
878 3227 1055 3302 beluarum,
1078 3225 1197 3311 partim
1228 3225 1268 3288 ad
1299 3247 1376 3289 saxa

216 3331 337 3396 nativis
358 3333 452 3396 testis
474 3333 733 3397 inhaerentium!
794 3333 907 3416 Ipsum
937 3339 1047 3395 autem
1073 3352 1162 3394 mare
1188 3329 1232 3393 sic
1257 3337 1375 3393 terram

215 3443 373 3519 appetens
396 3436 543 3500 litoribus
570 3436 695 3511 alludit,
721 3446 759 3498 ut
782 3457 848 3498 una
875 3456 914 3497 ex
941 3433 1066 3497 duabus
1090 3431 1215 3495 naturis
1238 3431 1376 3495 conflata

265 3633 279 3680 1
296 3635 424 3682 uideamus
433 3647 480 3682 uss
492 3622 630 3695 generally,
639 3635 750 3682 videmus
763 3632 847 3682 Madv.
857 3631 919 3681 with
930 3633 968 3680 EI
979 3633 1007 3681 of
1017 3631 1102 3680 Moser
1111 3632 1154 3681 Or.
1163 3632 1210 3681 Ba.
1223 3646 1265 3680 see
1274 3631 1374 3681 09111111.

216 3714 246 3762 13
263 3715 442 3776 amplitudines
464 3713 560 3766 Heind.
585 3715 641 3772 Ba..
665 3717 812 3764 altitudines
839 3729 895 3772 1199,
920 3715 1067 3763 latitudines
1088 3713 1179 3765 Lamb.
1206 3728 1248 3762 see
1271 3713 1370 3765 (lomm.

215 3798 246 3849 17
262 3800 401 3847 solumiun
417 3798 463 3846 BV
475 3801 530 3860 (‘ut
546 3797 605 3848 rin.
625 3812 646 3846 11
664 3799 711 3846 110
728 3797 841 3846 Charisii
858 3797 1011 3845 auctoritate
1029 3795 1161 3844 scribitur'
1175 3794 1240 3860 Mu.)
1257 3795 1314 3853 Ba,
1331 3811 1372 3845 vo·

215 3881 309 3929 liniunt
328 3880 416 3942 [AOE]
434 3881 477 3929 Or.
496 3880 555 3930 Sch.
665 3882 697 3928 22
711 3897 835 3944 possemus
853 3881 921 3944 [MV]
945 3881 1003 3929 Oxf.
1021 3885 1079 3937 ΗΜ,
1093 3881 1216 3942 possimus
1239 3878 1368 3930 ABOBLO.

214 3962 245 4012 27
262 3977 325 4011 sana
336 3964 430 4011 nativis
440 3962 528 4024 [OEV]
538 3963 595 4011 Oxi.
606 3967 639 4023 M,
651 3978 714 4010 sana
725 3965 849 4011 sartatinis
860 3961 991 4026 9911199
1002 3961 1125 4024 probably
1137 3960 1239 4008 written
1251 3959 1331 4008 above
1342 3974 1372 4008 99

213 4055 229 4088 9
247 4040 389 4089 correction
406 4040 434 4088 of
449 4041 526 4106 susa),
538 4057 599 4090 sano
610 4043 735 4090 sanativis
746 4041 780 4089 132
792 4041 832 4103 (ci.
846 4041 935 4102 Quint.
948 4057 964 4090 v
982 4042 1021 4089 10.
1034 4043 1064 4088 21
1081 4039 1191 4102 piscium
1209 4053 1302 4100 genera
1320 4039 1371 4088 alia

213 4121 300 4182 planis
310 4120 425 4182 gaudent
437 4121 488 4172 9119
501 4124 618 4186 saxosis),
631 4140 694 4173 suaa
705 4127 828 4173 sanativis
839 4129 865 4174 Ι..
964 4125 995 4174 29
1013 4125 1107 4172 alludit
1119 4124 1171 4172 (110
1179 4123 1253 4183 Regi
1261 4123 1371 4170 Moser’s

212 4202 236 4249 D
256 4201 308 4250 and
327 4203 350 4249 E
370 4203 436 4251 Dav.
454 4203 549 4254 Heind.
569 4205 714 4263 Sch.·Mu.‚
734 4207 815 4254 eludit
834 4220 883 4254 uss
902 4206 1040 4267 generally,
1058 4206 1149 4253 alludit
1171 4209 1193 4253 M
1212 4203 1272 4253 Red.
1297 4203 1324 4250 M
1344 4203 1372 4252 ol

119 4291 124 4300 '
141 4316 145 4323 -
213 4282 307 4345 Moser,
320 4285 409 4333 illudit
422 4283 696 4345 Med.1,cliditUEl.‚
709 4289 785 4336 alluit
798 4286 840 4348 G2,
855 4288 935 4336 cludit
952 4292 992 4336 lto
1010 4287 1086 4336 Klotz
1100 4286 1175 4334 Allan
1187 4285 1230 4335 Or.
1244 4285 1291 4334 Ba.
1304 4285 1370 4334 after

213 4362 349 4423 Victorius
363 4380 405 4414 see
418 4365 517 4416 09111111.
