3174 4982
229 409 270 472 12
614 421 660 470 nn
684 419 824 469 uarum
846 420 1000 471 pronun.

228 571 354 657 eipatus
375 577 517 654 putatur.
573 569 797 655 Principatum
829 578 941 634 autem
973 569 1007 634 id
1045 568 1123 646 dico,
1153 568 1240 654 quod
1273 567 1388 635 Graeci

227 673 424 758 ἡγεμονικόν
437 680 561 752 vocant,
578 695 641 758 quo
662 674 745 737 nihil
768 674 802 737 in
826 695 954 758 quoque
979 695 1096 758 genere
1119 695 1178 738 nec
1199 682 1308 758 potest
1329 695 1388 738 nec

229 778 326 842 debet
347 799 415 842 esse
434 777 659 862 praestantius.
703 777 757 841 Ita
779 798 908 842 necesse
926 785 975 841 est
991 777 1072 841 illud
1088 777 1199 858 etiam,
1215 777 1250 840 in
1265 799 1329 862 quo
1344 777 1388 840 sit

228 882 330 946 totius
352 889 486 945 naturae
506 881 713 966 principatus,
733 903 802 946 esse
825 882 971 946 omnium
994 883 1154 967 optimum
1177 883 1388 969 omniumque

178 991 336 1050 sororum
350 993 512 1070 potestate
526 984 759 1069 dominatuque
777 985 1012 1070 dignissimum.
1056 986 1213 1051 Videmus
1228 977 1339 1050 autem
1354 986 1389 1049 in
1423 995 1438 1056 5

229 1088 376 1174 partibus
390 1087 505 1151 mundi
523 1087 616 1170 (nihil
632 1095 681 1152 est
696 1088 784 1151 enim
801 1088 837 1150 in
857 1088 945 1151 omni
965 1089 1095 1166 mund0,
1117 1089 1203 1174 quod
1225 1110 1291 1153 non
1314 1111 1389 1174 pars

230 1191 371 1256 universi
391 1191 445 1272 sit)
464 1190 567 1255 inesse
585 1213 715 1255 sensum
736 1199 835 1276 atque
853 1192 1019 1258 rationem.
1064 1194 1105 1258 In
1121 1216 1159 1258 ea
1174 1201 1265 1279 parte
1279 1193 1389 1279 igitur,

230 1294 265 1358 in
291 1317 356 1380 qua
381 1293 496 1358 mundi
526 1293 611 1358 inest
640 1293 848 1380 principatus,
875 1294 955 1359 haec
983 1295 1088 1360 inesse
1113 1318 1242 1361 necesse
1271 1304 1329 1372 est,
1355 1305 1389 1360 et

231 1396 352 1461 acriora
366 1396 499 1480 quidem
514 1403 613 1479 atque
628 1396 755 1480 majora
787 1397 943 1476 Quocirca
954 1397 1133 1482 sapientem
1145 1421 1214 1462 esse
1229 1398 1389 1482 mundum

231 1521 359 1564 necesse
375 1507 432 1576 est,
448 1506 663 1583 naturamque
678 1521 758 1576 eam,
773 1522 857 1584 quae
876 1523 927 1564 res
948 1523 1060 1564 omnes
1081 1501 1249 1585 complexa
1268 1508 1389 1578 teneat,
1406 1524 1441 1563 10
1533 1545 1538 1552 ,

231 1603 425 1688 perfectione
441 1601 574 1666 rationis
590 1602 754 1680 excellere,
766 1624 869 1686 eoque
879 1602 977 1666 deum
987 1625 1055 1666 esse
1068 1603 1234 1680 mundum,
1245 1625 1389 1667 omnem-

232 1728 295 1792 que
317 1706 384 1769 vim
406 1705 521 1769 mundi
543 1713 660 1768 natura
680 1704 790 1769 divina
810 1705 975 1771 contineri.
1019 1706 1129 1790 Atque
1152 1707 1252 1770 etiam
1274 1707 1389 1771 mundi

231 1810 286 1872 ille
307 1809 412 1873 fervor
433 1807 549 1892 purior,
566 1806 760 1892 perlucidior
781 1807 992 1892 mobiliorque
1015 1817 1060 1872 cot
1080 1809 1193 1886 multo,
1208 1808 1249 1873 ob
1271 1831 1389 1894 easque

232 1932 342 1975 causas
357 1909 462 1994 aptior
476 1910 517 1974 ad
533 1931 644 1978 sensus
657 1910 901 1974 commovendos
916 1932 1015 1995 quam
1029 1910 1082 1975 hic
1097 1919 1206 1975 noster
1220 1911 1313 1988 calor,
1325 1933 1389 1996 quo

180 2023 219 2082 ³1
233 2015 320 2092 haec,
345 2035 429 2098 quae
455 2022 534 2078 nota
558 2014 650 2079 nobis
672 2021 758 2091 sunt,
776 2015 959 2079 retinentur
982 2023 1016 2079 et
1035 2015 1157 2100 vigent.
1202 2015 1389 2080 Absurdum
1407 2036 1440 2097 15

233 2117 334 2203 igitur
348 2125 398 2181 est
413 2117 527 2191 dicere,
545 2140 619 2181 cum
634 2117 781 2182 homines
800 2118 989 2202 bestiaeque
1008 2119 1068 2183 hoc
1091 2120 1194 2184 calore
1216 2128 1391 2186 teneantur

234 2230 267 2286 et
291 2229 460 2306 propterea
482 2228 673 2287 moveantur
696 2243 732 2285 ac
756 2222 906 2300 sentiant,
927 2222 1086 2286 mundum
1108 2245 1175 2287 esse
1193 2224 1263 2288 sine
1286 2246 1390 2304 sensu,

233 2324 290 2408 qui
304 2323 431 2408 integro
445 2331 479 2387 et
493 2322 594 2387 libero
610 2331 643 2387 et
658 2345 738 2408 puro
757 2323 934 2409 eodemque
952 2323 1107 2388 acerrimo
1127 2331 1161 2388 et
1181 2324 1391 2389 mobilissimo

233 2431 345 2495 ardore
370 2437 528 2505 teneatur,
551 2429 740 2514 praesertim
763 2451 837 2493 cum
860 2431 887 2494 is
909 2428 1011 2507 ardor,
1031 2428 1088 2513 qui
1112 2437 1161 2494 est
1180 2429 1303 2505 mundi,
1325 2450 1391 2492 non

233 2534 375 2620 agitatus
398 2533 440 2598 ab
466 2533 529 2598 alio
555 2555 661 2618 neque
688 2542 821 2598 externo
847 2533 952 2618 pulsu,
976 2532 1032 2596 sed
1055 2553 1112 2616 per
1134 2547 1167 2595 'se
1190 2533 1259 2616 ipse
1278 2554 1315 2596 ac
1333 2554 1392 2596 sua
1406 2556 1443 2595 20

234 2645 347 2722 sponte
362 2644 537 2701 moveatur.
582 2637 616 2700 N
618 2659 671 2699 am
687 2636 765 2720 quid
779 2643 887 2719 potest
902 2657 970 2699 esse
986 2635 1107 2699 mundo
1121 2635 1289 2711 valentine,
1306 2635 1391 2719 quod

233 2741 334 2826 pellat
361 2747 458 2825 atque
487 2748 617 2804 moveat
646 2740 783 2804 calorem
813 2761 898 2816 eum,
927 2760 991 2822 quo
1017 2739 1072 2802 ille
1093 2743 1266 2804 teneaturl
1310 2740 1390 2806 XII.

183 2850 221 2909 82
235 2842 415 2906 Audiamus
430 2841 518 2906 enim
533 2841 703 2906 Platonem
719 2841 811 2927 quasi
826 2841 989 2925 quendam
1004 2840 1102 2904 deum
1117 2841 1392 2926 philosophorum

234 2944 286 3008 cui
301 2945 365 3008 duo
380 2943 485 3029 placet
501 2965 569 3008 esse
584 2952 700 3019 motus,
715 2965 818 3007 unum
840 2965 945 3020 suum,
968 2943 1106 3006 alterum
1128 2951 1306 3019 externum,
1322 2963 1391 3006 esse

234 3055 344 3112 autem
362 3047 510 3123 divinius,
531 3047 616 3132 quod
636 3047 744 3132 ipsum
766 3069 807 3111 ex
829 3069 863 3111 se
886 3069 945 3111 sua
966 3055 1079 3132 sponte
1102 3055 1277 3125 moveatur,
1291 3070 1391 3132 quam
1407 3066 1442 3127 25

235 3152 322 3238 quod
335 3152 432 3236 pulsu
447 3151 590 3236 agitetur
604 3150 717 3215 alieno.
752 3150 852 3215 Hunc
867 3158 977 3214 autem
993 3159 1119 3215 motum
1134 3150 1169 3213 in
1184 3150 1259 3214 solis
1273 3151 1391 3216 animis

235 3277 304 3321 esse
327 3255 428 3340 ponit,
455 3254 497 3318 ab
520 3254 635 3339 hisque
660 3253 867 3338 principium·
885 3262 994 3318 motus
1024 3275 1092 3318 esse
1122 3253 1258 3344 ductum
1284 3261 1389 3338 putat.

231 3360 445 3445 Quapropter,
466 3359 619 3445 quoniam
644 3381 684 3425 ex
707 3358 821 3422 mundi
844 3357 956 3422 ardore
976 3366 1084 3421 motus
1105 3357 1209 3420 omnis
1231 3357 1340 3433 oritur,
1363 3356 1391 3421 is

234 3473 346 3528 autem
375 3464 469 3528 ardor
497 3485 562 3528 non
592 3462 696 3527 alieno
725 3459 878 3546 impulsu,
909 3460 965 3524 sed
995 3482 1053 3524 sua
1082 3467 1196 3545 sponte
1233 3467 1390 3536 movetur,

234 3573 362 3637 animus
386 3572 428 3636 sit
451 3592 579 3636 necesse
595 3577 662 3649 est3
683 3591 723 3633 ex
743 3574 806 3651 qu'o
829 3567 966 3631 efficitur
983 3565 1183 3629 animantem
1203 3585 1272 3628 esse
1296 3584 1390 3642 mun·
1405 3583 1444 3640 30

234 3676 321 3742 dum.
366 3675 476 3761 Atque
492 3697 531 3739 ex
546 3674 606 3738 hoc
622 3693 749 3758 quoque
764 3669 911 3764 intellegi
925 3668 1045 3754 poterit
1065 3667 1099 3731 in
1119 3689 1156 3731 eo
1175 3667 1280 3730 inesse
1295 3665 1390 3730 intel·

234 3779 418 3865 legentiam,
433 3777 519 3863 quod
535 3785 620 3841 certe
636 3784 685 3840 est
700 3774 841 3838 mundus
856 3772 969 3836 melior
983 3793 1082 3857 quam
1097 3769 1165 3834 ulla
1178 3777 1302 3835 natura
1340 3769 1391 3834 Ut

236 4026 240 4033 .
283 3985 298 4031 2
316 3979 458 4044 ἡγεμονικόν
471 3979 537 4041 edd„
552 3964 647 4029 inLat.
661 3991 710 4027 uss
721 3975 860 4040 generally.
944 3989 1041 4038 quoque
1052 3973 1108 4022 ΜΒ
1118 3972 1219 4029 Asc.÷‚
1231 3985 1329 4033 quoquo
1342 3969 1390 4028 OB,

234 4081 283 4130 quc
295 4064 373 4114 A¹PV
384 4063 451 4122 Ort,
463 4078 588 4126 quoquam
599 4062 632 4110 E.
720 4061 750 4110 13
768 4066 804 4109 est
814 4058 902 4108 before
918 4060 995 4107 multo
1006 4054 1097 4104 Lamb.
1110 4054 1153 4103 Or.
1167 4053 1214 4102 Bc.
1227 4051 1290 4113 Mu,
1305 4051 1391 4100 before

224 4147 311 4210 ¹ctiam
321 4141 416 4204 Bouh.,
429 4142 496 4193 after
505 4144 591 4204 aptior
602 4141 671 4202 Soh„
685 4155 735 4192 om.
750 4154 808 4190 uss.
832 4160 840 4174 ι
907 4137 939 4186 16
956 4152 1010 4186 oum
1023 4133 1132 4198 A²B²[v]
1149 4133 1207 4183 Oxi.
1221 4132 1278 4181 Asc.
1292 4135 1387 4191 mo,

234 4227 297 4287 quta
308 4224 402 4273 GEPB.
501 4223 532 4271 18
548 4223 709 4272 ambitiosiora
724 4235 774 4271 use
789 4213 925 4284 generally,
938 4218 1082 4267 mollissimo
1094 4215 1121 4277 0,
1136 4215 1289 4264 nobilissimo
1300 4216 1389 4264 m.

209 4295 211 4299 ’
235 4305 266 4356 19
282 4307 305 4354 io
322 4304 442 4367 [GEPW]
459 4303 527 4365 Asc,
547 4306 585 4353 tir
603 4303 689 4352 s13v1.
793 4304 825 4350 22
842 4316 893 4364 qua
910 4300 954 4354 Ba
974 4298 1008 4361 by
1024 4296 1154 4359 misprint.
1252 4294 1284 4343 27
1302 4294 1390 4355 bisque

138 4415 140 4420 ,
233 4384 334 4434 B1cnv
346 4384 402 4435 0xf.
411 4394 431 4438 ÷
438 4422 445 4446 ,
458 4386 528 4447 isque
540 4384 569 4446 A,
585 4386 666 4447 iisque
677 4383 772 4438 132124.
