3174 4990
222 404 264 474 10
606 415 654 468 nn
675 417 817 467 urruns
838 415 995 470 nnoaun.

221 567 352 632 alantur
374 573 469 652 utque
491 572 645 644 crescant,
666 564 854 631 contineant
877 565 914 629 in
937 587 972 630 se
995 564 1063 630 vim
1085 565 1206 644 caloris,
1227 566 1383 654 sineque

221 694 328 758 neque
348 672 392 736 ali
409 680 540 757 possent
558 693 617 736 nec
637 692 787 736 crescere.
832 671 921 734 Nam
941 691 1045 748 omne,
1063 671 1149 756 quod
1172 679 1221 736 est
1241 672 1382 738 calidum

222 787 256 844 et
281 779 422 864 igneum,
446 777 551 841 cietur
576 784 610 842 et
634 776 742 862 agitur
765 783 855 840 motu
876 797 956 854 suo;
983 775 1070 860 quod
1096 761 1208 840 autem
1229 776 1328 841 alitur
1347 785 1383 842 et

222 883 343 961 crescit,
357 869 449 947 motu
464 882 604 967 quodam
624 881 730 946 utitur
749 889 836 946 certo
859 887 893 945 et
916 881 1080 966 aequabili
1091 905 1099 962 ;
1121 881 1178 967 qui
1204 904 1303 968 quam
1325 883 1382 948 diu

222 994 369 1052 remanet
390 987 425 1050 in
447 983 549 1064 nobis,
567 993 636 1050 tam
656 985 714 1049 diu
734 1006 846 1048 sensus
865 991 899 1049 et
920 985 989 1049 vita
1009 992 1175 1064 remanet3
1196 986 1382 1071 refrigerato
1416 1001 1433 1062 5

172 1099 333 1158 arautem
348 1099 382 1156 et
397 1091 556 1156 exstincto
571 1091 674 1156 calore
690 1089 866 1154 occidimus
878 1090 941 1176 ipsi
957 1097 991 1155 et
1006 1091 1252 1176 exstinguimur.
1287 1092 1382 1172 Quod

223 1192 355 1277 quidem
374 1192 549 1258 Cleanthes
568 1192 619 1256 his
638 1192 737 1256 etiam
756 1193 957 1278 argumentis
976 1192 1076 1270 docet,
1096 1193 1286 1278 quantavis
1304 1193 1383 1278 insit

223 1297 337 1362 caloris
361 1297 397 1361 in
420 1297 510 1361 omni
541 1319 689 1382 corpore:
724 1305 823 1382 negat
846 1298 934 1362 enim
962 1320 1031 1363 esse
1054 1299 1159 1363 ullum
1182 1299 1291 1364 cibum
1313 1307 1383 1364 tam

222 1423 363 1486 gravem,
385 1400 465 1486 quin
487 1401 514 1466 is
537 1409 631 1466 nocte
654 1409 688 1467 et
709 1401 762 1466 die
784 1410 1019 1487 concoquetur3
1044 1402 1135 1487 cujus
1157 1404 1258 1469 etiam
1277 1403 1313 1476 in
1333 1427 1383 1470 re-

223 1506 334 1592 liquiis
349 1506 427 1586 insit
441 1507 527 1570 calor
542 1505 590 1584 iis,
605 1528 685 1590 quas
702 1516 820 1572 natura
834 1507 1004 1592 respuerit.
1049 1508 1072 1574 J
1074 1532 1127 1574 am
1142 1531 1217 1574 vero
1232 1533 1334 1576 venae
1349 1518 1384 1576 et
1399 1536 1435 1576 10

224 1610 361 1675 arteriae
376 1610 494 1675 micare
509 1633 575 1675 non
590 1610 743 1676 desinunt
753 1612 845 1696 quasi
857 1613 996 1698 quodam
1011 1613 1106 1698 igneo
1121 1622 1222 1694 motu,
1238 1615 1385 1680 animad-

224 1734 417 1798 versumque
442 1735 537 1798 saepe
561 1721 619 1791 est,
644 1736 718 1779 cum
739 1738 792 1780 cor
819 1715 995 1783 animantis
1014 1719 1150 1805 alicujus
1171 1720 1319 1786 evulsum
1336 1722 1385 1792 ita

224 1817 389 1884 mobiliter
406 1819 588 1904 palpitaret,
608 1827 646 1884 ut
669 1820 853 1885 imitaretur
875 1821 1003 1907 igneam
1026 1825 1232 1892 celeritatem.
1278 1826 1384 1892 Omne

224 1922 332 2008 igitur,
349 1923 436 2007 quod
451 1923 540 2000 vivit,
557 1923 625 1987 sive
640 1923 760 1988 animal
775 1923 842 1988 sive
862 1932 948 1990 terra
963 1925 1097 2004 editum,
1113 1927 1148 1991 id
1159 1927 1239 1992 vivit
1254 1937 1385 2013 propter

223 2027 385 2092 inclusum
410 2027 445 2091 in
470 2049 507 2092 eo
534 2013 679 2098 calorem.
725 2029 775 2092 Ex?
799 2048 864 2115 quo
888 2029 1036 2116 intellegi
1060 2030 1157 2096 debet
1180 2053 1252 2096 eam
1273 2033 1384 2098 caloris
1400 2054 1434 2115 15

225 2140 375 2198 naturam
389 2132 456 2196 vim
472 2132 591 2197 habere
606 2133 640 2196 in
662 2154 696 2196 se
715 2133 849 2197 vitalem
871 2150 930 2217 per
952 2152 1080 2198 omnem
1103 2135 1262 2199 mundum
1285 2135 1385 2220 perti·

174 2248 213 2307 25
225 2244 367 2301 nentem.
403 2236 513 2322 Atque
528 2236 562 2301 id
576 2236 703 2301 facilius
717 2252 886 2301 cernemus
898 2240 968 2301 toto
979 2259 1097 2322 genere
1108 2237 1169 2303 hoc
1181 2238 1284 2324 ignee,
1298 2238 1384 2324 quod

225 2346 334 2405 tranat
356 2339 472 2420 omnia,
496 2338 648 2404 subtilius
668 2338 836 2425 explicato.
881 2339 1002 2404 Omnes
1024 2340 1125 2426 igitur
1143 2350 1252 2426 partes
1271 2341 1385 2406 mundi

227 2444 373 2528 (tangam
391 2451 502 2506 autem
522 2442 694 2525 maximas)
711 2442 814 2506 calore
828 2441 931 2506 fultae
950 2443 1159 2509 sustinentur.
1203 2444 1297 2524 Quod
1320 2443 1385 2528 pri-

226 2569 318 2610 mum
333 2546 368 2609 in
383 2552 511 2610 terrena
525 2554 642 2610 natura
656 2544 793 2629 perspici
813 2553 928 2630 potest.
975 2546 1062 2610 Nam
1087 2554 1121 2610 et
1145 2545 1291 2630 lapidum
1311 2569 1386 2612 con·
1401 2574 1438 2614 20

227 2649 318 2714 flictu
333 2657 431 2734 atque
443 2649 525 2712 tritu
541 2647 613 2712 elici
628 2647 737 2732 ignem
750 2639 896 2712 videmus
912 2654 945 2712 et
960 2649 1082 2738 recenti
1094 2648 1231 2713 fossione
1247 2656 1386 2714 terram

228 2753 601 2831 fumarecalentem,
628 2761 726 2838 atque
758 2752 858 2816 etiam
891 2769 931 2816 ex·
963 2753 1072 2837 puteis
1096 2753 1230 2838 jugibus
1267 2777 1386 2839 aquam

229 2857 366 2923 calidam
391 2857 486 2935 trahi,
510 2866 543 2922 et
569 2858 603 2922 id
629 2857 772 2922 maxime
798 2857 869 2922 fieri
892 2856 1092 2942 temporibus
1121 2856 1274 2938 hibernis,
1300 2858 1387 2943 quod

228 2985 347 3047 magna
367 2962 417 3026 vis
439 2969 544 3025 terrae
566 2961 709 3026 cavernis
730 2961 933 3026 contineatur
954 2959 1066 3024 caloris
1088 2981 1190 3044 eaque
1213 2960 1321 3025 hieme
1344 2961 1387 3025 sit

229 3067 357 3132 densior
374 3067 415 3132 ob
433 3089 570 3151 eamque
589 3089 719 3130 causam
738 3067 875 3131 calorem
898 3065 1034 3130 insitum
1054 3064 1090 3128 in
1109 3064 1203 3128 terris
1223 3064 1387 3129 contineat
1402 3082 1437 3143 ²5

178 3172 338 3242 tiburtius.
383 3171 424 3237 X.
469 3172 580 3257 Longa
600 3180 648 3235 est
663 3171 764 3236 oratio
780 3171 968 3254 multaeque
983 3169 1132 3247 rationes,
1149 3168 1267 3255 quibus
1282 3169 1389 3234 doceri

230 3274 333 3361 possit
356 3273 472 3353 omnia,
498 3296 582 3359 quae
601 3281 689 3339 terra
709 3273 868 3358 concipiat
889 3272 1021 3350 semina,
1040 3294 1188 3359 quaeque
1208 3271 1279 3357 ipsa
1296 3293 1336 3336 ex
1354 3292 1388 3336 se

229 3386 384 3465 generata
406 3378 560 3464 stirpibus
585 3378 686 3443 infixa
706 3378 878 3456 contineat,
900 3399 939 3441 ea
962 3378 1196 3462 temperatione
1216 3375 1329 3460 caloris
1355 3381 1389 3440 et

230 3484 306 3549 oriri
321 3492 354 3548 et
372 3506 549 3569 augescere.-
593 3483 703 3569 Atque
722 3505 826 3568 aquae
844 3483 943 3548 etiam
964 3483 1146 3547 admixtum
1167 3505 1235 3547 esse
1253 3474 1390 3547 calorem

230 3587 372 3672 primum
386 3586 455 3672 ipse
469 3586 575 3672 liquor
592 3607 695 3670 aquae
714 3585 855 3650 declarat
871 3584 1023 3670 [effusio],
1040 3607 1122 3670 quae
1141 3607 1247 3671 neque
1261 3585 1390 3676 congla-
1403 3601 1442 3658 30

231 3738 288 3790 edd.
299 3739 365 3789 after
376 3739 478 3802 Lamb,
488 3741 604 3804 physicis
617 3739 656 3802 (or
661 3738 765 3803 syricio)
777 3739 806 3787 id
816 3745 853 3788 est
863 3739 1024 3787 naturalibus
1035 3752 1085 3788 uss
1095 3738 1181 3788 Allen.
1243 3737 1391 3802 confirmari

232 3835 281 3871 nes
293 3820 423 3883 generally
434 3820 517 3879 Allen,
529 3823 672 3884 confimacre
683 3819 746 3880 Reg.
759 3823 795 3869 (20
807 3819 915 3869 Moser’s
926 3818 1022 3868 Medd.

281 3901 295 3948 1
314 3903 561 3960 aluntur÷crescaut
570 3913 619 3949 use
628 3898 764 3961 generally,
775 3900 1026 3947 aluntur-crescunt
1038 3897 1061 3946 G
1073 3897 1117 3947 Or.
1129 3897 1177 3946 Ba.
1188 3895 1248 3948 soh.
1290 3957 1292 3961 ι
1314 3903 1390 3958 atque

231 3979 307 4031 Allen
319 3981 363 4030 Or.
375 3981 422 4031 Ba.
438 3979 508 4037 Sch„
520 3987 544 4029 et
558 3994 623 4042 guae
637 3992 687 4028 uss
702 3978 833 4041 generally
851 3977 915 4037 Mu,
931 3985 956 4027 et
970 3977 1044 4026 EGU
1060 3977 1118 4028 Oxl.
1136 3982 1182 4027 Lo,
1281 3977 1312 4026 10
1328 3976 1392 4026 imit

232 4059 337 4119 Heind„
349 4063 414 4109 iacet
425 4073 473 4108 nes
485 4059 542 4108 edd.
632 4060 664 4108 21
682 4062 746 4108 tritu
756 4059 945 4122 Ausculum,
955 4059 1011 4108 ritu
1021 4057 1095 4120 A1v1,
1106 4061 1161 4108 ictu
1172 4057 1205 4108 V²
1217 4057 1275 4106 Oxf.
1287 4057 1348 4106 Asc.
1355 4068 1391 4109 ÷.

233 4144 265 4190 22
276 4144 378 4206 fumare
390 4141 511 4190 calentem
521 4141 580 4190 Asc.
592 4145 637 4201 Lo,
646 4142 747 4204 femore
758 4142 906 4190 recolentem
916 4153 965 4188 uas
976 4138 1115 4202 generally.
1216 4139 1247 4186 24
1264 4138 1393 4187 continea-

233 4223 503 4274 tur—stt-coutiueat
522 4235 572 4272 uss
591 4221 727 4284 generally,
746 4222 1094 4284 continerer-fiteoutinet
1114 4221 1157 4271 Or.
1176 4221 1224 4269 Ba.
1245 4219 1306 4270 Soh.
1324 4219 1392 4271 alter

233 4302 328 4354 Heinrl
347 4303 498 4367 (continetur
508 4308 561 4366 n,
575 4305 610 4368 fit
621 4303 663 4354 GV
674 4303 763 4365 Mars,
777 4305 906 4353 contiueat
916 4302 960 4368 Η).
1058 4304 1151 4352 calorts
1167 4301 1284 4352 alteruis
1296 4301 1389 4354 Foroh.

233 4397 263 4434 so
274 4388 292 4434 c
303 4385 354 4435 ccl.
367 4389 426 4432 terr·
437 4389 503 4432 coat.
515 4397 570 4434 cao.
668 4383 700 4434 25
716 4385 746 4434 ia
757 4384 840 4441 tenir,
852 4384 958 4433 iuter-ius
969 4380 1045 4432 Allan
1056 4381 1124 4432 after
1134 4379 1219 4430 Bouh.
1231 4377 1283 4430 and
1294 4379 1390 4432 Heind.
