3174 4990
236 413 257 474 4
622 423 669 470 os
692 423 833 474 neruus
855 421 1010 472 pronun.

236 570 540 656 comprobabimus?
590 569 686 634 Nihil
715 592 773 634 nos
803 569 838 634 P.
868 567 1000 635 Claudii
1028 567 1114 634 bello
1144 565 1268 632 Punico
1293 565 1398 652 primo

235 673 402 738 temeritas
428 671 595 738 movebit?
625 671 682 757 qui
706 673 807 736 etiam
831 694 889 757 per
911 671 1023 757 jocum
1047 671 1124 737 deos
1149 670 1298 748 irridens,
1324 690 1398 734 cum

235 799 333 842 cavea
347 776 476 842 liberati
491 775 573 860 pulli
588 797 654 839 non
667 782 888 859 pascerentur,
903 775 1006 860 mergi
1025 796 1080 838 eos
1099 773 1135 837 in
1153 795 1272 857 aquam
1291 770 1399 857 jussit,

237 890 275 946 ut
298 879 457 957 biberent,
482 876 637 964 quoniam
663 901 731 945 esse
758 878 891 944 nollent.
937 878 1003 957 Qui
1033 877 1117 942 risus
1146 878 1248 940 classe
1274 874 1400 940 devicta

239 985 359 1050 multas
382 983 445 1068 ipsi
467 982 622 1060 lacrimas,
644 1002 797 1067 magnam
817 981 938 1066 populo
960 981 1108 1044 Romano
1130 979 1255 1044 cladem
1278 977 1400 1062 attulit,
1436 988 1453 1048 5
1551 985 1552 990 ’

241 1091 348 1173 Quid?
369 1090 490 1176 collega
504 1090 574 1176 ejus
589 1090 612 1154 J
613 1089 710 1153 unius
720 1089 834 1153 eodem
845 1087 931 1153 bello
942 1108 1050 1152 nonne
1059 1093 1255 1170 tempestate
1266 1085 1399 1149 classem

240 1196 356 1274 amisit,
373 1217 447 1260 oum
462 1194 614 1279 auspiciis
629 1193 693 1257 nori
714 1192 896 1280 paruisset?
941 1191 1059 1275 Itaque
1075 1189 1232 1255 Claudius
1248 1211 1267 1252 a
1282 1187 1401 1273 populo

208 1297 473 1361 8oondemnatus
492 1303 552 1373 est,
571 1295 593 1359 J
595 1294 692 1358 unius
712 1316 826 1358 necem
846 1293 997 1378 sibiipsa
1016 1292 1182 1357 conscivit.
1227 1290 1264 1356 O.
1281 1290 1309 1354 F
1309 1288 1401 1354 lami-

240 1397 333 1462 nium
363 1397 493 1463 Caelius
522 1396 676 1481 religione
705 1396 854 1481 neglecta
879 1394 1031 1460 cecidisse
1061 1393 1148 1477 apud
1177 1392 1401 1478 Trasimenum

241 1500 353 1566 scribit
368 1522 441 1564 cum
458 1522 575 1584 magno
590 1499 637 1564 rei
649 1499 949 1584 publicaevulnere.
988 1496 1133 1577 Quorum
1145 1495 1245 1560 exitio
1256 1493 1402 1579 intellegi
1417 1519 1457 1557 10
1553 1569 1554 1576 ἵ

242 1611 349 1688 potest
364 1625 475 1667 eorum
489 1601 632 1686 imperiis
647 1624 715 1666 rem
730 1601 894 1686 publicam
909 1600 1150 1686 amplificatam,
1166 1599 1223 1686 qui
1238 1597 1402 1683 religioni-

242 1707 305 1772 bus
325 1707 515 1792 paruissent.
559 1706 654 1770 Etsi
681 1707 823 1771 conferre
845 1706 996 1786 volumus
1019 1713 1129 1770 nostra
1155 1729 1229 1770 cum
1253 1703 1403 1782 externis
1474 1761 1484 1784 ,

243 1807 358 1874 ceteris
373 1808 469 1872 rebus
483 1816 542 1872 aut
556 1830 648 1892 pares
660 1808 829 1874 autetiam
841 1810 1007 1899 inferiores
1019 1810 1224 1902 reperiemur,
1236 1809 1403 1894 religione,

212 1912 277 1978 eid
298 1920 348 1977 est
372 1911 463 1976 cultu
490 1910 631 1989 deorum,
658 1912 761 1977 multo
784 1913 971 1998 superiores,
1014 1913 1069 1976 An
1086 1913 1160 1978 Atti
1182 1913 1281 1978 Navii
1302 1912 1404 1977 lituus

244 2014 308 2104 ille,
332 2036 396 2099 quo
420 2013 461 2078 ad
487 2013 749 2100 investigandum
775 2037 867 2080 suem
897 2016 1042 2101 regiones
1067 2016 1181 2080 vineae
1206 2015 1403 2094 terminavit,
1421 2035 1456 2095 15

226 2116 499 2194 'contemnendus
519 2121 592 2181 esti
638 2116 821 2196 Crederem,
837 2118 901 2181 nisi
922 2118 991 2203 ejus
1012 2118 1145 2202 augurio
1167 2139 1223 2181 rex
1244 2117 1405 2182 Hostilius

245 2219 389 2284 maxima
414 2219 500 2284 bella
524 2219 680 2304 gessisset.
737 2220 811 2298 Sed,
833 2220 1041 2306 neglegentia
1070 2220 1250 2285 nobilitatis
1279 2219 1406 2304 augurii

246 2323 415 2408 disciplina
430 2324 554 2401 omissa,
569 2326 688 2390 veritas
703 2326 919 2411 auspiciorum
935 2334 1044 2411 spreta
1065 2334 1123 2403 est,
1139 2325 1261 2410 speeies
1275 2333 1406 2388 tantum

246 2436 380 2492 retenta.
419 2427 536 2512 Itaque
548 2429 709 2493 maximae
724 2429 771 2494 rei
785 2429 935 2514 publicae
946 2437 1063 2514 partae,
1073 2428 1107 2492 in
1121 2428 1172 2492 his
1184 2428 1278 2505 bella,
1288 2428 1406 2512 quibus

246 2531 294 2596 rei
317 2531 466 2617 publicae
492 2533 578 2596 salus
605 2534 799 2610 continetur,
819 2535 919 2598 nullis
949 2533 1100 2618 auspiciis
1126 2533 1406 2597 administrantur:
1423 2553 1460 2590 20

246 2635 337 2698 nulla
355 2635 519 2719 peremnia
537 2645 713 2713 servantur,
731 2637 822 2700 nulla
845 2660 885 2701 ex
909 2637 1120 2714 acuminibus,
1140 2637 1239 2713 nulla,
1254 2659 1326 2702 cam
1345 2636 1416 2700 viri·

246 2744 411 2815 vocantur,
427 2714 473 2801 ex.
483 2759 546 2822 quo
562 2739 596 2801 in
611 2739 775 2822 procinctu
792 2748 990 2804 testamenta
1004 2741 1180 2826 perierunt.
1219 2740 1304 2804 Tum
1320 2739 1407 2803 enim

198 2839 334 2918 labella
348 2861 458 2924 gerere
474 2842 575 2905 nostri
590 2840 688 2905 duces
703 2841 873 2926 incipiunt,
891 2866 965 2907 cum
981 2843 1125 2928 auspicia
1139 2851 1325 2928 posuerunt.
1362 2843 1409 2906 At

248 2966 324 3010 vero
341 2945 429 3030 apud
444 2937 580 3030 majores
594 2954 688 3010 tanta
708 2946 872 3030 religionis
887 2947 935 3010 vis
956 2947 1028 3022 fuit,
1049 2955 1087 3011 ut
1111 2945 1245 3031 quidam
1271 2940 1408 3030 impera-

248 3056 334 3112 tores
350 3045 448 3111 etiam
464 3047 599 3132 seipsos
619 3047 669 3111 dis
690 3047 928 3114 immortalibus
948 3049 1054 3135 eapite
1069 3049 1175 3112 velato
1190 3047 1297 3112 verbis
1315 3046 1410 3111 certis
1426 3073 1440 3112 2
1445 3069 1461 3130 5

248 3163 306 3235 pro
321 3173 355 3215 re
370 3150 500 3234 publica
514 3151 717 3216 devoverent.
762 3151 869 3217 Multa
883 3176 927 3218 exv
936 3154 1109 3238 Sibyllinis
1117 3145 1409 3225 vaticinationibus,

250 3252 355 3316 multa
369 3274 409 3316 ex
423 3252 631 3337 haruspicum
646 3255 806 3339 responsis
820 3277 1070 3320 commemorare
1085 3277 1224 3340 possum,
1241 3253 1358 3340 quibus
1373 3274 1412 3316 ea

249 3355 485 3436 confirmentur,
510 3377 592 3440 quae
615 3356 715 3421 dubia
739 3358 864 3422 nemini
885 3358 1007 3423 debent
1029 3380 1105 3424 esse.
1149 3358 1207 3422 IV.
1251 3355 1355 3441 Atqui
1378 3363 1412 3420 et
1489 3381 1493 3397 ·

301 3553 315 3600 1
333 3555 540 3616 comprobabimus
558 3554 640 3617 3102,
654 3559 862 3621 cmnprobam'mm
874 3557 979 3607 AB²EU
992 3557 1050 3607 011.
1062 3557 1130 3606 Mus.
1231 3557 1337 3604 Claudii
1348 3554 1411 3612 13²0.

254 3635 347 3684 Obradi
364 3634 404 3696 B¹,
422 3637 495 3684 orodi
511 3637 578 3686 ΑΕΒ
595 3637 662 3699 om,
676 3640 745 3688 Dodi
762 3638 793 3687 O.
890 3640 906 3687 4
923 3641 1027 3696 nollent,
1045 3641 1129 3687 nalem
1146 3637 1168 3686 A
1185 3636 1227 3702 (ar.
1241 3638 1330 3685 malem
1346 3639 1360 3697 ξ
1378 3636 1413 3701 1).

253 3716 375 3778 tpopnio
394 3717 504 3766 Romano
524 3717 591 3776 edd,
606 3734 635 3781 p.
650 3734 672 3767 r.
689 3719 818 3770 mosao
836 3720 904 3778 Oxi,
920 3722 958 3769 rai
973 3721 1092 3783 publicae
1111 3719 1134 3768 Ε
1154 3718 1196 3767 ΕΙ.
1208 3723 1238 3777 ti,
1250 3733 1272 3766 r.
1280 3733 1308 3780 p.
1321 3719 1412 3768 vAso.

253 3799 269 3848 9
288 3800 388 3847 Ocelim
407 3798 461 3860 [E],
473 3801 566 3848 coeliae
583 3799 651 3848 ABG
668 3799 722 3850 Mu.
852 3803 1024 3850 Trasimenna
1040 3805 1062 3850 v
1077 3801 1147 3860 Asa,
1160 3807 1303 3849 tranenmen
1319 3798 1413 3870 dBCB,

255 3882 432 3931 Trasumenum
444 3878 487 3928 Or.
498 3879 546 3929 Ba.
559 3879 619 3930 Sch.
631 3880 685 3931 Mu.
785 3881 816 3930 15
833 3881 1034 3942 investigandam
1050 3895 1099 3931 uss
1110 3880 1248 3943 generally,
1261 3882 1414 3941 investigan-

254 3963 311 4010 dam
327 3958 390 4009 aad.
407 3958 426 4009 '0
444 3959 538 4011 Heind.
558 3961 700 4011 Swainson.
810 3965 921 4024 regiones
940 3962 1027 4012 vineae
1044 3962 1068 4012 U
1086 3963 1155 4021 Asa,
1175 3964 1281 4012 rationes
1299 3965 1351 4010 ain.
1371 3959 1412 4021 ΑΙ,

254 4043 386 4104 religiones
403 4042 455 4090 nin.
468 4039 554 4090 A2Bo
566 4041 624 4091 Oxi.
636 4047 682 4103 Bc,
696 4046 826 4105 religionis
844 4047 897 4093 nin.
913 4043 946 4101 Ε,
960 4045 989 4091 in
1006 4045 1118 4106 regiones
1137 4045 1237 4093 vineam
1256 4043 1335 4092 ΙΕΟΤ
1352 4039 1415 4090 Red.

255 4123 287 4174 19
302 4124 425 4172 maximoe
438 4122 490 4184 [Ε],
501 4124 607 4172 manime
618 4123 693 4172 ABc.
793 4125 825 4172 21
838 4127 967 4188 peremnia
979 4125 1031 4188 [B]‚
1041 4128 1166 4188 perennio
1177 4125 1254 4173 ΑΟΕ.
1343 4124 1416 4171 anila

254 4219 310 4254 enm
328 4202 385 4253 edd.
405 4202 471 4252 aiter
491 4202 560 4262 Sch,
575 4206 648 4254 nulla
665 4209 694 4266 V,
708 4206 775 4254 anili
794 4219 844 4256 uss
862 4207 1000 4270 generally.
1116 4209 1148 4258 25
1164 4205 1345 4256 immortalitas
1366 4215 1415 4250 uss

254 4284 391 4349 generally,
404 4285 550 4333 nwrtalibns
567 4284 598 4334 A.
697 4284 728 4333 26
746 4285 891 4336 devoverent
909 4300 958 4336 uss
974 4287 1113 4350 generally,
1133 4287 1277 4336 devoverint
1294 4282 1327 4343 U,
1342 4284 1415 4344 deno·

255 4367 338 4414 verint
349 4365 362 4414 I
374 4365 401 4414 of
411 4365 505 4414 Moser.
