3174 4990
410 421 475 470 me.
499 421 526 468 11
549 420 622 470 car.
646 403 1147 490 xxxrx-xn11§§100-107.
1312 404 1355 468 39

201 567 294 646 Utar,
317 567 434 653 inquit,
459 568 655 634 carminibus
676 569 770 633 Arati
792 569 848 647 eis,
870 591 953 654 quae
979 590 999 632 a
1021 575 1056 633 tc
1077 566 1253 632 admodum
1275 565 1356 630 adu·

199 668 374 735 lescentulo
389 695 540 736 conversa
553 673 601 737 ita
615 694 667 737 me
684 672 857 750 delectant,
871 672 949 758 quia
963 672 1082 736 Latina
1096 679 1182 750 sunt,
1197 678 1236 734 ut
1251 670 1356 735 multa

199 795 239 836 cx
259 773 298 838 iis
319 775 474 840 memoria
495 784 632 843 teneam.
676 777 769 862 Ergo,
785 786 824 841 ut
842 777 942 852 oculis
960 776 1088 841 assidue
1107 776 1263 854 videmus,
1285 775 1355 841 sinc

199 878 266 942 ulla
288 880 466 944 mutatione
488 889 546 944 eut
562 881 728 946 varietate*

167 1014 184 1074 5
303 1013 413 1064 cetera
431 1010 592 1065 labuntur
610 1010 711 1064 celeri
730 995 892 1065 caelestia
910 1013 1002 1065 motu

303 1114 375 1151 cum
392 1098 549 1168 caeloque
567 1098 666 1153 simul
683 1102 865 1168 noctesque
883 1097 1020 1167 diesque
1038 1097 1211 1167 feruntur,'

199 1231 335 1295 quornm
357 1213 627 1298 contemplatione
650 1214 772 1278 nullius
794 1212 917 1298 expleri
939 1220 1047 1299 potest
1067 1212 1196 1276 animus
1218 1208 1424 1276 naturac105

199 1315 410 1378 constantiam
425 1315 533 1380 videre
548 1317 716 1402 cupientis.

302 1443 542 1514 Extremusque
559 1446 639 1499 adeo
657 1446 784 1516 duplici
802 1445 840 1500 de
858 1443 993 1500 cardine
1010 1448 1125 1501 vertex

149 1542 185 1581 10
302 1530 428 1586 dicitur
444 1550 515 1587 csse
533 1533 635 1603 polus

197 1651 295 1716 Hunc
310 1653 429 1718 circum
444 1654 561 1720 Arctoe
576 1655 660 1720 duae
676 1655 824 1720 feruutur
838 1678 1019 1742 numquam
1034 1656 1225 1721 occidentes.

301 1781 347 1835 Ex
363 1781 416 1835 his
433 1782 540 1836 altera
556 1781 643 1852 apud
661 1782 779 1837 Graios
797 1783 969 1854 Cynosura
986 1785 1133 1852 vocatur,

301 1867 408 1921 altera
425 1866 551 1922 dicitur
568 1886 639 1922 esse
658 1868 781 1937 Helice,

197 1977 287 2064 cujus
302 1979 434 2064 quidem
449 1980 638 2046 clarissimas
653 1983 763 2047 stellas
778 1983 855 2048 totis
870 1983 1019 2050 noctibus
1034 1984 1204 2062 cernimus,

147 2125 181 2185 15
302 2125 383 2178 quas
401 2111 509 2164 nostri
528 2110 660 2181 Septem
678 2111 773 2166 soliti
791 2113 940 2167 vocitare
959 2112 1105 2167 Triones.

197 2220 394 2307 Paribusque
425 2223 526 2288 stellis
549 2201 698 2289 similiter
727 2225 889 2290 distinctis
918 2226 1059 2291 cundem
1088 2225 1170 2290 caeli
1199 2225 1353 2290 verticem
1369 2232 1425 2291 106

196 2322 311 2404 lustrat
325 2348 425 2410 parva
440 2325 625 2412 Cynosura:

298 2453 358 2507 hac
375 2453 489 2508 fidunt
506 2451 588 2509 duce
606 2459 772 2511 nocturna
790 2457 973 2511 Phoenices
990 2457 1025 2512 in
1042 2458 1119 2512 alto.

301 2540 364 2596 Sed
381 2542 472 2612 prior
488 2543 548 2598 illa
565 2545 670 2614 magis
688 2544 802 2599 stellis
820 2545 985 2599 distincta
1003 2545 1147 2615 refulget

300 2632 334 2682 et
351 2629 418 2683 late
436 2631 542 2700 prima
559 2631 736 2685 confestim
754 2649 771 2686 a
789 2636 886 2686 nocte
903 2631 1046 2699 videtur,

300 2715 380 2770 haec
397 2734 474 2771 vero
492 2735 593 2787 parva
611 2721 670 2786 est,
689 2717 746 2772 sed
763 2718 878 2772 nautis
896 2736 976 2773 usus
993 2719 1027 2772 in
1044 2718 1105 2772 hac
1123 2719 1193 2785 est3

301 2819 374 2856 nam
392 2821 491 2857 cursu
508 2804 671 2858 interiore
689 2803 782 2858 brevi
800 2804 1011 2858 convertitur
1029 2803 1112 2858 orbe.

196 2911 303 2981 XLII.
347 2915 391 2979 Et
406 2937 470 3000 quo
485 2915 527 2980 sit
542 2939 654 2980 carum
670 2916 838 2981 stellarum
853 2915 1072 2980 admirabilior
1087 2923 1244 3001 aspectus,

300 3033 359 3088 has
376 3035 472 3103 inter,
491 3035 598 3090 veluti
616 3035 731 3106 rapido
749 3053 821 3090 cum
838 3035 969 3104 gurgite
987 3034 1120 3103 flumen,

145 3141 181 3202 ²5
300 3113 416 3177 torvus
434 3123 540 3176 Draco
558 3123 666 3193 serpit
683 3122 800 3177 subter
817 3139 1004 3192 superaque
1022 3122 1196 3177 revolvens

300 3228 371 3266 sese
389 3213 641 3282 conficiensque
659 3213 755 3267 sinus
772 3230 787 3266 e
805 3228 942 3282 corpore
960 3211 1072 3265 flexos.

194 3322 274 3408 Ejus
296 3346 371 3389 oum
388 3325 489 3390 totius
511 3327 554 3392 sit
576 3327 737 3411 praeclara
756 3325 886 3411 species,
907 3326 941 3389 in
963 3321 1076 3410 primis
1097 3322 1280 3408 aspicienda
1302 3331 1352 3388 est
1365 3335 1420 3394 107

194 3425 296 3511 figura
310 3429 423 3514 capitis
439 3437 536 3514 atque
551 3431 645 3494 ardor
659 3430 823 3495 oculorum
837 3455 843 3494 :

297 3557 374 3611 huic
392 3575 456 3612 uon
473 3575 538 3612 una
555 3557 649 3612 modo
667 3561 766 3628 caput
784 3575 905 3636 ornans
922 3557 1022 3612 stella
1039 3556 1174 3626 relucet,

141 3675 179 3730 30
297 3662 413 3699 verum
430 3649 580 3716 tempora
598 3649 677 3699 sunt
695 3645 822 3716 duplici
839 3645 968 3715 fulgore
985 3647 1109 3713 notate,

242 3819 256 3866 1
273 3820 349 3868 Arcti
367 3820 402 3868 eis
419 3818 444 3866 X
461 3818 505 3881 (by
521 3831 585 3868 corr.
597 3819 626 3866 in
641 3819 696 3881 AB)
714 3818 772 3868 Oxf.
790 3823 873 3868 BIMO
889 3816 984 3866 Heind.
998 3817 1081 3878 Allen,
1094 3818 1196 3866 Arateis
1213 3815 1320 3865 Moscr’s
1336 3815 1350 3863 Ι

193 3899 245 3950 and
257 3901 284 3949 M
295 3901 352 3950 edd.
361 3902 428 3950 alter
438 3901 550 3960 Walker,
560 3916 602 3951 see
615 3900 713 3952 Oomm.
816 3902 846 3949 11
864 3907 945 3950 arctoe
956 3903 1021 3950 doce
1032 3901 1055 3948 E
1069 3900 1127 3949 Ori.
1136 3899 1160 3948 G
1170 3899 1239 3956 Asc,
1249 3904 1349 3947 arctoae

192 3985 257 4032 duae
268 3984 391 4044 ABOVM‚
407 3990 476 4032 arcto
494 3985 555 4032 edna
571 3987 599 4039 B,
611 3982 692 4047 ἄρκτοι
709 3985 772 4032 Dav.
784 3983 859 4033 Allen
878 3983 937 4034 Seh.
1037 3984 1067 4032 12
1084 3999 1114 4032 cx
1128 3983 1166 4031 his
1179 3980 1254 4044 [BE],
1268 3995 1299 4028 ca·
1315 3981 1350 4027 iis

191 4064 285 4114 hova.
365 4066 397 4114 16
414 4066 535 4114 distincta
545 4064 650 4114 Welker
661 4079 690 4114 as
701 4064 730 4113 in
741 4065 759 4113 l.
773 4066 812 4114 19.
894 4067 926 4114 25
942 4079 1080 4128 superaque
1093 4064 1150 4115 oxf.
1165 4068 1213 4113 ΜΒ
1225 4060 1348 4110 Priscian.

191 4161 271 4208 xrvp.
281 4147 330 4198 980
340 4147 445 4208 Putsch,
457 4162 582 4210 supraque
593 4162 641 4196 uss
650 4148 789 4210 generally.
888 4148 921 4196 26
931 4148 1000 4208 floro
1010 4145 1125 4195 Grotius.
1223 4145 1255 4196 27
1272 4145 1348 4198 totius

191 4230 226 4277 eit
243 4228 286 4278 Or.
302 4230 350 4278 Ba.
368 4231 435 4278 after
452 4229 511 4280 Sch.
531 4233 577 4293 Op.
595 4245 628 4278 111
645 4245 671 4292 p.
684 4232 740 4290 339,
755 4232 831 4279 totila
848 4236 884 4278 eet
902 4242 951 4278 nss
968 4228 1043 4277 Allan
1061 4227 1115 4278 Mu.
1215 4226 1348 4286 inprimis

192 4324 240 4359 uss
252 4310 295 4360 Or.
307 4311 355 4361 Be.
369 4311 439 4371 son,
454 4320 505 4361 tam
516 4315 545 4361 in
557 4315 648 4376 primis
661 4311 797 4362 Manutius
808 4310 872 4373 Mu,
886 4317 910 4360 et
921 4311 950 4360 in
962 4310 1053 4373 primis
1065 4307 1140 4358 Allan
1153 4305 1220 4372 (who
1236 4305 1349 4367 changes

192 4408 245 4442 cam
256 4392 313 4443 into
325 4402 349 4443 et
360 4393 447 4444 before
459 4395 553 4459 toriae).
