3174 4990
453 417 518 466 ms.
541 416 569 464 11
591 415 664 466 err.
687 415 850 465 xnr-xv
871 399 913 486 ξς
934 403 1072 468 36-42.
1152 491 1156 498 .
1303 394 1343 465 15

184 563 306 629 mundo
329 563 491 650 optimum
515 563 568 642 sit,
588 562 623 626 id
640 563 676 627 in
698 563 842 648 perfecto
862 562 971 648 aliquo
991 571 1091 648 atque
1108 561 1256 628 absoluto
1276 583 1346 627 esse

184 669 321 750 debere;
343 676 393 734 est
407 677 519 733 autem
533 668 617 733 nihil
631 669 754 733 mundo
767 669 950 754 perfectius,
970 669 1053 733 nihil
1072 669 1193 734 virtute
1208 668 1325 734 melius
1337 693 1346 750 ;
1359 678 1397 736 39

185 773 285 858 igitur
303 773 417 837 mundi
436 780 488 837 est
504 773 634 865 propria
649 772 761 838 virtus.
808 773 879 837 Nec
894 795 969 837 vero
985 773 1125 837 hominis
1140 780 1258 837 natura
1273 794 1346 857 per-

185 876 270 940 fecta
288 883 345 955 est,
363 885 398 940 et
416 877 555 942 efficitur
574 886 686 942 tamen
704 878 740 941 in
759 878 891 942 homine
910 877 1036 957 virtus;
1057 885 1181 963 quanto
1196 877 1297 962 igitur
1310 877 1346 941 in

155 977 308 1058 5mundo
332 977 476 1043 faciliusl
505 986 555 1043 est
578 1000 654 1064 ergo
679 979 715 1043 in
740 1001 779 1044 eo
804 979 927 1059 virtus3
958 979 1086 1064 sapiens
1112 987 1161 1044 est
1186 979 1288 1064 igitur
1313 986 1348 1043 et

186 1090 358 1168 propterea
371 1081 459 1148 deus.
1136 1145 1144 1160 ,

254 1184 328 1249 XV.
373 1186 484 1269 Atque
503 1186 565 1249 hac
582 1184 698 1250 mundi
718 1184 891 1250 divinitate
912 1192 1080 1272 perspecta
1101 1185 1276 1250 tribuenda
1297 1191 1347 1250 est

186 1285 344 1354 sideribus
369 1287 483 1352 eadem
509 1286 671 1366 divinitas,
698 1311 782 1374 quae
809 1311 848 1353 ex
874 1288 1086 1354 mobilissima
1111 1289 1347 1374 purissimaque

186 1392 327 1457 aetheris
352 1399 444 1478 parte
469 1393 667 1479 gignuntur,·
683 1416 789 1479 neque
814 1394 1073 1479 ullapraeterea
1096 1401 1173 1458 sunt
1201 1393 1377 1457 admixta»

135 1517 174 1557 10
187 1503 306 1560 natura
318 1504 452 1581 totaque
467 1505 545 1562 sunt
560 1497 665 1561 calida
678 1504 778 1582 atque
800 1497 972 1581 perlucida,
988 1505 1027 1561 ut
1041 1519 1081 1561 ea
1095 1518 1222 1583 quoque
1237 1496 1348 1560 rectis-

187 1599 270 1664 sime
296 1607 330 1664 et
352 1600 533 1666 animantia
559 1623 628 1666 esse
653 1609 687 1666 et
710 1601 830 1665 sentire
852 1609 952 1686 atque
974 1600 1163 1687 intellegere
1190 1601 1347 1666 dicantur.

186 1701 300 1787 Atque
319 1723 358 1766 ea
375 1703 508 1787 quidem
526 1711 598 1768 tota
616 1725 684 1768 esse
707 1705 804 1790 ignea
825 1704 963 1770 duorum
986 1727 1141 1770 sensuum
1162 1703 1399 1770 testimonio4⁰

35 1857 39 1864 .
104 1842 107 1846 -
187 1806 370 1871 confirmari
392 1806 568 1872 Cleanthes
589 1816 694 1894 putat,
717 1816 825 1872 tactus
847 1815 881 1873 et
903 1809 1078 1875 oculorum.
1122 1809 1211 1874 Nam
1226 1810 1300 1882 solis
1316 1816 1350 1874 et

188 1911 307 1976 candor
335 1911 490 1976 illustrior
516 1920 567 1976 est
598 1935 698 1998 quam
727 1913 827 1976 ullius
857 1913 949 1998 ignis,
970 1914 1090 1999 quippe
1113 1914 1170 2000 qui
1191 1913 1349 1978 immenso

135 2033 171 2094 ¹5
188 2013 311 2078 mundo
326 2021 394 2077 tam
408 2014 505 2100 longe
519 2015 649 2100 lateque
665 2014 831 2091 colluceat,
846 2023 882 2080 et
900 2016 929 2080 is
949 2015 1020 2101 ejus
1034 2024 1142 2081 tactus
1157 2023 1214 2093 est,
1231 2039 1296 2080 non
1311 2021 1351 2080 ut

186 2116 361 2202 tepefaciat
382 2116 496 2195 solum,
518 2118 575 2182 sed
597 2118 698 2182 etiam
720 2140 816 2204 saepe
835 2119 1012 2197 comburat,
1032 2141 1170 2205 quorum
1195 2130 1350 2185 neutrum

187 2220 316 2298 faceret,
335 2221 399 2286 nisi
418 2229 503 2286 esset
530 2223 654 2307 igneus.
701 2223 823 2308 ‘Ergo,'
846 2223 963 2308 inquit,
986 2230 1078 2287 ‘cu'm
1101 2223 1147 2287 sol
1170 2223 1285 2308 igneus
1307 2222 1350 2287 sit

189 2323 376 2409 Oceanique
397 2325 504 2390 alatur
522 2327 698 2404 umoribus,
719 2326 798 2410 quia
817 2326 927 2390 nullus
945 2327 1029 2412 ignis
1044 2327 1114 2391 sine
1129 2334 1226 2411 pastu
1241 2326 1350 2410 aliquo

188 2428 290 2514 possit
305 2449 501 2514 permanere,
516 2451 646 2494 necesse
661 2437 710 2494 est
730 2437 789 2494 aut
808 2430 839 2494 ei
858 2429 972 2494 similis
991 2430 1034 2495 sit
1052 2429 1129 2515 igni,
1145 2451 1243 2514 quem
1258 2429 1350 2494 adhi-

136 2553 175 2592 20
188 2532 304 2598 bemus
318 2532 359 2597 ad
371 2555 466 2596 usum
482 2541 581 2617 atque
596 2532 729 2611 victum,
743 2542 802 2598 aut
817 2533 857 2612 ei,
869 2534 927 2618 qui
938 2532 1125 2618 corporibus
1134 2532 1351 2597 animantium

189 2635 382 2702 continetur.
426 2635 531 2722 Atqui
553 2637 606 2701 hic
627 2645 735 2703 noster
757 2639 851 2724 ignis,
876 2661 974 2723 quem
996 2661 1073 2704 usus
1096 2638 1183 2703 vitae
1205 2638 1349 2723 requirit,
1364 2635 1401 2692 41

190 2739 352 2804 confector
373 2748 423 2803 est
444 2748 479 2803 et
501 2749 708 2825 consumptor
723 2741 880 2821 omnium,
896 2742 1057 2827 idemque,
1077 2763 1282 2826 quocumque
1301 2741 1351 2803 in-

188 2841 284 2920 vasit,
299 2850 415 2907 cuncta
429 2841 592 2907 disturbat
612 2865 649 2907 ac
669 2843 823 2929 dissipat;
846 2852 958 2910 contra
980 2845 1036 2910 ille
1058 2866 1228 2930 corporeus
1243 2843 1352 2909 vitalis

190 2954 225 3010 et
255 2945 405 3011 salutaris
436 2946 546 3010 omnia
575 2956 752 3026 conservat,
781 2947 850 3025 alit,
881 2955 989 3034 auget,
1021 2949 1161 3014 sustinet
1190 2969 1351 3032 sensuque

138 3061 175 3121 25
190 3047 305 3115 afficit’
352 3049 463 3135 Negat
482 3070 557 3133 ergo
575 3070 643 3114 esse
659 3048 805 3129 dubium,
819 3050 936 3115 horum
951 3051 1078 3137 ignium
1093 3052 1139 3115 sol
1154 3051 1221 3116 utri
1236 3050 1352 3116 similis

190 3150 243 3228 sit,
258 3150 376 3215 cumis
391 3171 520 3235 quoque
536 3149 661 3226 efficiat,
677 3157 716 3214 ut
735 3151 845 3216 omnia
863 3152 1000 3218 floreant
1019 3161 1053 3218 et
1071 3153 1106 3217 in
1125 3175 1183 3216 suo
1203 3173 1351 3237 quaeque

190 3273 307 3336 genere
321 3251 510 3337 pubescant.
556 3250 663 3330 Quare
682 3274 757 3316 cum
776 3253 852 3316 solis
869 3253 953 3338 ignis
969 3253 1082 3319 similis
1098 3275 1210 3318 eorum
1224 3253 1350 3338 ignium

191 3355 243 3432 sit,
255 3355 312 3440 qui
323 3362 400 3420 sunt
411 3354 446 3419 in
457 3354 642 3440 corporibus
658 3355 884 3434 animantium,
897 3357 997 3421 solem
1009 3379 1138 3441 quoque
1150 3356 1351 3420 animantem

192 3477 260 3522 esse
278 3465 413 3542 oportet,
435 3465 469 3523 et
491 3458 622 3542 quidem
642 3459 769 3545 reliqua
789 3468 884 3540 astra,
903 3483 986 3546 quae
1011 3461 1156 3526 oriantur
1179 3461 1215 3524 in
1239 3460 1350 3525 ardore

136 3579 178 3637 30
191 3561 330 3639 caelesti,
347 3562 404 3648 qui
419 3563 531 3628 aether
546 3563 598 3628 vel
613 3565 739 3629 caelum
758 3565 953 3630 nominatur.
999 3564 1084 3630 Cum
1098 3564 1199 3650 igitur
1214 3564 1350 3646 alierum
1363 3564 1402 3622 42

242 3739 256 3788 1
273 3742 302 3789 id
319 3740 431 3812 [OP]BM·
444 3741 511 3803 Asc,
526 3755 595 3794 corr.
609 3743 640 3794 fr.
658 3745 681 3793 is
692 3744 745 3807 AV,
759 3745 783 3794 ie
793 3743 849 3795 ΒΕ.
950 3745 966 3793 8
982 3745 1146 3794 nubilissimae
1162 3743 1185 3792 X
1202 3745 1291 3806 except
1307 3758 1350 3792 uo·

192 3823 317 3872 bilissima
328 3821 390 3884 ΡΨ,
403 3825 550 3872 mollissima
561 3829 586 3875 R
683 3826 698 3875 9
715 3833 774 3874 runt
786 3839 843 3883 uss,
855 3831 892 3874 est
904 3825 947 3875 Or.
959 3824 1007 3874 Ba.
1021 3839 1063 3874 see
1076 3825 1177 3874 Gomm.
1278 3825 1309 3872 13
1326 3830 1350 3873 et

191 3905 286 3953 candor
302 3903 360 3953 edd.
372 3904 438 3954 after
455 3904 539 3966 Klotz,
554 3908 624 3955 calor
640 3913 665 3956 et
682 3907 777 3956 candor
794 3906 836 3956 XB
849 3907 916 3966 on,
928 3908 1006 3956 ardor
1022 3913 1046 3955 et
1063 3907 1156 3956 candor
1170 3905 1206 3964 H,
1217 3906 1311 3955 eandm
1327 3913 1351 3954 et

190 3986 261 4034 calor
266 3989 351 4047 cho,
360 3987 454 4035 candor
464 3985 558 4036 11an
565 3986 660 4036 Heind.
760 3987 791 4035 14
807 3989 885 4036 ullius
898 3987 1008 4050 [ABPV]
1018 3987 1076 4037 Oxi.
1084 3992 1110 4046 0,
1118 3990 1185 4037 ullus
1195 3987 1308 4038 cum
1315 3999 1350 4042 ÷.

190 4068 307 4115 immuto
319 4081 369 4116 uss
380 4067 456 4116 Klotz
469 4067 539 4127 Sch„
551 4071 580 4117 iu
591 4070 708 4118 immuto
718 4067 780 4129 Reg.
794 4068 824 4117 ol
832 4068 897 4117 Dav.
911 4069 955 4118 Or.
967 4069 1014 4119 Ba.
1029 4068 1083 4117 Mu.
1175 4069 1206 4117 15
1224 4075 1304 4118 tactus
1316 4067 1350 4131 by

191 4158 257 4193 corr.
269 4145 301 4193 ἡ.
314 4152 384 4196 tactu
394 4145 449 4198 AV.
544 4148 575 4197 19
588 4155 673 4210 posset
684 4147 738 4196 Mu.
750 4162 785 4196 on
796 4149 875 4196 dead.
888 4148 961 4205 1172,
974 4161 1016 4196 see
1033 4147 1134 4196 comm.
1225 4148 1258 4195 20
1274 4155 1358 4210 atque,

190 4224 259 4274 XBE
269 4225 369 4285 ΟΜ,
381 4234 455 4290 atqua
467 4229 501 4277 ad
511 4233 581 4278 nv
592 4228 651 4280 Sch.
763 4228 794 4276 21
812 4230 885 4291 atqui
899 4233 947 4278 ml
961 4227 1026 4278 Rea.
1038 4227 1095 4277 edd.
1110 4227 1175 4277 alter
1187 4227 1263 4287 Dav„
1273 4235 1350 4291 atque

191 4319 242 4355 uss
253 4307 393 4370 generally,
401 4308 435 4358 cl.
447 4311 461 4370 5
473 4309 514 4359 16.
581 4310 613 4358 22
628 4310 738 4359 omnium
749 4321 799 4358 uss
806 4309 946 4371 generally,
957 4322 1009 4360 om.
1018 4308 1076 4358 Oxf.
1086 4307 1141 4359 v¹a
1148 4307 1208 4356 Asc.
1277 4309 1309 4359 29
1326 4316 1351 4358 et

192 4388 292 4450 quidem
303 4402 360 4450 uss,
374 4395 449 4453 atque
460 4391 520 4440 item
531 4390 575 4441 Or.
587 4390 634 4440 Ba.
647 4389 714 4440 alter
725 4388 819 4465 lteind.
832 4403 875 4440 see
886 4387 985 4438 Oomm.
