3174 4990
263 450 304 514 20
643 461 691 508 un
713 460 856 510 uirum
880 459 1033 509 nnonuu.

260 610 312 691 sit,
330 631 448 696 magua
465 607 610 696 quaestio
630 614 688 686 est,
707 629 775 672 esse
798 629 874 674 vero
896 605 1017 672 certam
1039 613 1073 671 et
1096 605 1265 671 definitam
1286 628 1416 673 necesse

261 720 320 780 est.
366 711 454 776 Nam
469 733 515 788 ea,
530 733 614 797 quae
631 709 765 776 Saturni
784 709 877 774 stella
896 708 1014 774 dicitur
1033 707 1230 794 spalvavque
1249 732 1269 773 a
1287 709 1418 775 Graecis
1492 769 1499 790 ,

260 815 455 894 nominatur,
469 837 551 900 quae
566 837 586 880 a
600 823 686 879 terra
701 814 793 879 abest
807 813 992 898 plurimum,
1008 829 1085 876 xxx
1099 813 1166 878 fere
1181 814 1273 878 annis
1287 835 1417 878 cursum

260 943 356 986 suum
371 920 508 1001 conficit,
519 921 553 985 in
568 943 633 1006 quo
648 942 743 985 cursu
759 919 863 983 multa
878 917 1070 982 mirabiliter
1084 916 1223 982 efficiens
1238 926 1310 983 tum
1326 929 1417 984 ante·
1447 951 1451 956 v

260 1025 411 1104 cedendo,
420 1033 491 1090 tum
500 1024 702 1102 retardando
710 1033 782 1089 tum
792 1022 982 1108 vespertinis
991 1022 1189 1108 temporibus
1198 1022 1417 1105 delitiscendo
1452 1051 1468 1112 5

259 1136 332 1193 tum
347 1128 517 1194 matutinis
531 1151 659 1194 rursum
677 1151 712 1192 se
731 1127 914 1213 aperiendo,
933 1126 1017 1191 nihil
1036 1127 1190 1192 immutat
1212 1129 1418 1214 sempiternis

261 1231 437 1297 saeclorum
446 1232 616 1309 aetatibus,
628 1231 707 1316 quin
720 1231 834 1296 eadem
846 1231 949 1296 isdem
960 1231 1159 1316 temporibus
1172 1229 1296 1298 efficiat.
1328 1232 1418 1299 Infra

173 1399 176 1405 .
260 1344 372 1402 autem
397 1336 481 1400 hanc
502 1336 633 1423 propius
655 1357 676 1400 a
696 1344 782 1401 terra
803 1335 897 1400 Jovis
918 1335 1013 1400 stella
1034 1335 1145 1414 fertur,
1167 1358 1251 1421 quae
1278 1336 1418 1404 Φαέθων
1491 1331 1495 1338 ’

261 1444 387 1524 dicitur,
409 1455 512 1530 eaqu'e
535 1443 674 1509 eundem
697 1442 938 1528 x11signorum
961 1442 1071 1506 orbem
1094 1441 1187 1506 annis
1209 1458 1264 1507 x11
1290 1442 1418 1508 conficit

211 1559 248 1618 53
261 1547 461 1636 easdemque,
476 1571 557 1635 quas
572 1549 706 1616 Saturni
721 1547 824 1626 stella,
840 1548 939 1613 efficit
953 1548 985 1611 in
1003 1570 1097 1614 cursu
1113 1548 1292 1613 vanatates.
1330 1546 1418 1613 Huic
1434 1572 1470 1612 10

261 1660 372 1718 autem
395 1652 578 1737 proximum
597 1651 781 1716 inferiorem
801 1651 910 1715 orbern
930 1657 1021 1714 tenet
1040 1649 1190 1738 Πυρόεις,
1217 1673 1300 1736 quae
1324 1650 1419 1716 stella

262 1755 376 1820 Martis
387 1755 575 1841 appellatur,
585 1777 688 1841 eaque
701 1773 758 1820 1111
773 1762 807 1820 et
822 1772 874 1818 xx
889 1754 1053 1819 mensibus
1068 1771 1116 1831 vl,
1125 1762 1163 1818 ut
1174 1754 1295 1840 opinor,
1304 1754 1418 1820 diebus

261 1858 368 1923 minus
384 1858 524 1924 eundern
539 1859 656 1924 lustrat
671 1859 790 1935 orbem,
800 1880 898 1945 quem
910 1858 993 1922 duae
1003 1858 1188 1943 superiores.
1234 1858 1324 1922 Infra
1335 1859 1419 1925 hanc

261 1967 372 2027 autem
394 1962 488 2027 stella
510 1960 662 2027 Mercurii
685 1971 759 2043 est3
783 1985 822 2027 ea
847 1959 1008 2040 Erdtssov
1030 1956 1212 2046 appellatur
1233 1982 1253 2025 a
1275 1960 1419 2043 Graecis3

261 2087 344 2150 quae
360 2087 445 2130 anno
464 2065 531 2132 lere
550 2073 697 2130 vertente
716 2065 906 2150 signiferum
924 2064 1042 2129 lustrat
1062 2063 1171 2128 orbem
1191 2087 1297 2150 neque
1316 2087 1336 2130 a
1353 2067 1418 2132 sole
1436 2090 1470 2152 15

260 2167 388 2254 lougius
402 2190 560 2253 umquam
574 2169 671 2233 unius
686 2168 770 2254 signi
786 2169 957 2234 intervallo
972 2167 1110 2233 discedit
1120 2176 1193 2232 tum
1205 2177 1419 2250 antevertens,

262 2281 335 2338 turn
371 2272 579 2358 subsequens.
641 2272 760 2337 Infima
789 2280 839 2337 est
869 2273 1013 2358 quinque
1043 2271 1221 2337 errantium
1250 2279 1418 2359 terraeque
1523 2275 1527 2278 ’

262 2377 408 2464 proxima
430 2378 524 2442 stella
541 2376 685 2455 Veneris,
706 2400 789 2462 quae
810 2375 996 2465 Φωσφόρος
1015 2377 1143 2454 Graece,
1159 2376 1287 2442 Lucifer
1301 2375 1419 2443 Latine
1444 2397 1449 2406 ¹

262 2483 389 2560 dicitur,
404 2505 479 2547 cum
493 2481 715 2568 antegreditur
731 2482 839 2558 solem,
855 2502 929 2546 cum
945 2482 1152 2566 subsequitur
1166 2477 1420 2559 autem,‘'Eurre-
1507 2489 1510 2494 '

262 2605 340 2675 poc;'
365 2608 404 2651 ea
422 2608 551 2651 cursum
571 2608 656 2651 anno
675 2585 803 2650 conficit
822 2593 856 2650 et
879 2584 1087 2650 latitudinem
1111 2584 1419 2672 lustrans-signiferi
1435 2615 1473 2655 20
1583 2629 1584 2680 g

263 2694 348 2759 orbis
373 2701 407 2758 et
430 2692 676 2779 longitudinem,
704 2692 790 2778 quod
821 2691 908 2756 idem
938 2691 1061 2755 faciunt
1091 2686 1202 2756 stellae
1220 2691 1419 2778 superiores,
1583 2683 1584 2694 ¹

262 2818 368 2883 neque
380 2818 536 2881 umquam
551 2797 593 2861 ab
607 2798 673 2861 sole
688 2796 826 2861 duorum
841 2795 1005 2881 signorum
1024 2793 1194 2860 intervallo
1212 2791 1339 2880 longius
1357 2795 1420 2861 dis-

213 2901 435 2970 arcadicum
450 2900 651 2976 antecedens,
666 2907 739 2964 tum
758 2900 964 2984 subsequens
1010 2897 1100 2964 XXI.
1145 2899 1241 2964 Hanc
1263 2899 1364 2984 igitur
1386 2901 1421 2965 in

263 3005 365 3073 stellis
389 3003 613 3081 constantiam,
637 3003 721 3068 hanc
747 3011 873 3070 tantam
899 3010 968 3066 tam
990 3001 1087 3066 variis
1109 3002 1253 3067 cursibus
1275 3002 1310 3066 in
1333 3005 1420 3068 omni

234 3117 236 3121 ’
264 3107 458 3176 aeternitate
484 3107 742 3172 convenientiam
766 3115 950 3193 temporum
978 3129 1043 3170 non
1073 3128 1203 3191 possum
1232 3106 1420 3192 intellegere
1436 3133 1471 3195 25

264 3213 334 3278 sine
359 3218 477 3289 mente,
502 3209 637 3289 ratione,
662 3210 802 3274 consilio.
850 3209 942 3289 Quae
972 3231 1046 3273 cum
1072 3209 1118 3272 in.
1133 3209 1290 3274 sideribus
1316 3211 1420 3275 inesse

265 3317 439 3392 videamus,
453 3337 515 3380 non
532 3336 701 3400 possumus
713 3338 752 3380 ea
766 3316 837 3400 ipsa
847 3337 911 3378 non
923 3314 957 3378 in
968 3314 1102 3379 deorum
1114 3337 1248 3380 numero
1260 3337 1420 3400 reponeret

265 3419 336 3485 Nec
351 3439 427 3483 vero
441 3439 499 3484 eae
519 3417 639 3494 stellae,
658 3440 742 3502 quae
764 3418 943 3482 inerrantes
964 3425 1127 3495 vocantur,
1151 3440 1216 3482 non
1238 3418 1422 3504 significant

265 3523 402 3590 eandem
417 3528 561 3587 mentem
577 3530 676 3607 atque
696 3521 904 3607 prudentiam
914 3545 923 3600 3
941 3541 1078 3605 quarum
1100 3528 1149 3584 est
1170 3521 1333 3586 cotidiana
1347 3543 1421 3588 con-

265 3625 398 3690 veniens
432 3633 646 3709 constansque
681 3623 851 3701 conversio,
881 3645 940 3687 nec
971 3622 1094 3688 habent
1123 3624 1282 3689 aetherios
1312 3647 1423 3691 cursus
1437 3654 1475 3712 30
1583 3629 1584 3656 ¹

265 3749 372 3813 neque
401 3724 488 3792 caelo
514 3727 728 3803 inhaerentes
754 3734 792 3791 ut
814 3726 960 3810 plerique
983 3727 1096 3791 dicunt
1117 3728 1268 3813 physicae
1290 3729 1422 3794 rationis
1583 3725 1584 3734 ’

267 3830 378 3918 ignari.
424 3831 500 3895 Non
516 3839 565 3896 est
580 3831 667 3896 enim
682 3830 830 3895 aetheris
843 3853 883 3895 ea
900 3838 1025 3907 natura,
1040 3840 1078 3895 ut
1092 3832 1126 3896 vi
1142 3853 1199 3896 sua
1214 3833 1323 3898 stellas
1337 3857 1422 3899 com-

266 3937 363 4023 plexa
375 3943 606 4020 contorqueat;
630 3957 705 3999 narn
721 3935 829 3999 tenuis
844 3956 881 3999 ac
895 3934 1063 4019 perlucens
1078 3943 1112 4000 et
1133 3929 1296 4021 aequabili
1319 3940 1424 4004 calore
1452 3977 1455 3986 ι

315 4134 331 4182 2
348 4134 455 4184 sotumi
474 4131 508 4196 by
526 4147 590 4184 corr.
613 4133 659 4183 BV
678 4133 734 4184 also
752 4134 811 4185 Oxi.
830 4134 886 4183 HM
903 4134 1002 4192 Aso.÷‚
1021 4135 1139 4184 Saturnis
1157 4134 1187 4194 A,
1207 4136 1331 4185 Saturnia
1350 4135 1423 4187 OEB.

267 4219 416 4280 datumque,
427 4215 481 4266 this
493 4216 545 4266 and
555 4215 601 4266 the
611 4216 741 4278 following
753 4217 837 4268 Greek
848 4231 938 4267 names
949 4232 993 4267 are
1004 4217 1078 4279 given
1094 4215 1121 4266 in
1136 4217 1215 4267 Latin
1226 4218 1315 4267 letters
1326 4217 1354 4266 in
1366 4233 1422 4270 uss.
1527 4245 1538 4258 ν

219 4356 220 4360 ¹
269 4299 300 4352 19
311 4298 440 4364 Ἕσπερος,
453 4300 580 4362 Hesper-ru
592 4297 688 4350 Heind.
700 4299 784 4361 Allan,
802 4301 892 4363 Vesper
902 4300 1005 4357 Latara,
1017 4299 1110 4348 Graece
1120 4297 1240 4363 Ἕσπερος
1250 4299 1317 4362 conj.
1327 4299 1423 4351 Heind.

268 4397 294 4446 p.
305 4395 363 4432 xm.
472 4382 504 4433 27
517 4397 609 4445 potuere
621 4396 662 4444 ap.
673 4381 747 4434 ma.
760 4384 817 4432 115.
922 4380 953 4429 31
970 4383 1127 4430 intumentes
1138 4388 1197 4430 aaut
1207 4381 1272 4444 coni.
1289 4381 1423 4432 Swainson

269 4464 325 4527 (the
336 4464 460 4516 omission
471 4465 548 4528 being
558 4465 607 4516 due
618 4469 646 4515 to
656 4481 668 4514 s
679 4465 795 4516 followed
805 4465 839 4529 by
849 4466 897 4531 ut).
