3174 4990
464 426 529 476 um
552 427 579 475 11
601 427 674 478 cnr.
696 427 872 477 xx-xxu
894 412 934 499 §§
956 416 1093 480 52-58.
1314 416 1355 480 21

200 569 340 635 suffusus
359 571 473 638 aether
494 595 561 638 non
582 573 662 638 satis
679 583 777 660 aptus
798 575 840 638 ad
860 575 970 640 stellas
990 575 1200 640 continendas
1219 575 1356 642 videtur.

201 669 335 736 Habent
358 672 459 758 igitur
484 696 577 739 suam
602 675 773 761 sphaeram
799 676 913 741 stellae
939 676 1119 742 inerrantes
1144 677 1187 741 ab
1211 677 1358 743 aetheria
1371 682 1409 743 st

199 777 424 862 conjunctione
439 792 596 845 secretam
611 790 645 846 et
659 782 804 848 liberam
849 782 971 846 Eanrm
986 791 1099 847 autem
1113 805 1271 869 perennes
1285 805 1358 846 cur-

200 903 254 945 sus
277 890 375 970 atque
404 885 555 970 perpetui
584 907 659 949 cum
688 885 873 950 admirabili
901 886 1147 972 incredibilique
1177 885 1358 952 constantia

108 1069 110 1072 Ι
168 983 364 1068 5declarant
378 987 413 1050 in
427 988 478 1052 his
492 989 560 1052 vim
576 998 610 1054 et
625 997 770 1055 mentem
788 1012 858 1056 esse
878 990 1031 1070 divinam,
1047 998 1094 1069 ut,
1108 990 1188 1055 haec
1209 989 1280 1076 ipsa
1298 990 1357 1076 qui

198 1110 265 1153 non
284 1091 404 1156 sentiat
423 1092 557 1158 deorum
576 1095 644 1158 vim
663 1094 791 1172 babere,
809 1094 838 1158 is
856 1094 939 1158 nihil
962 1094 1092 1159 omnino
1115 1115 1266 1158 sensurus
1287 1116 1356 1160 esse

198 1194 357 1261 videatur.
401 1197 503 1262 Nulla
520 1198 621 1284 igitur
640 1198 675 1262 in
695 1199 784 1263 caelo
805 1221 865 1263 nec
884 1197 1016 1262 fortuna
1033 1219 1092 1262 nec
1110 1197 1277 1263 temeritas
1296 1219 1357 1262 nec
1369 1203 1407 1264 50

198 1300 316 1365 erratio
338 1323 398 1365 nec
418 1303 546 1366 vanitas
565 1303 651 1368 inest
675 1311 850 1387 contraque
874 1302 979 1367 omnis
1003 1302 1088 1378 ordo,
1111 1301 1240 1379 veritas,
1263 1302 1356 1382 ratio,

199 1406 399 1486 constantia;
430 1429 581 1492 quaeque
610 1407 662 1471 bis
688 1415 814 1486 vacant,
840 1407 999 1472 ementita
1024 1415 1059 1472 et
1087 1406 1167 1472 falsa
1196 1407 1356 1491 plenaque

146 1533 185 1574 ιο
199 1507 322 1586 erroris,
336 1531 375 1573 ea
389 1509 510 1574 circum
528 1520 631 1576 terras
650 1511 735 1575 inira
753 1510 876 1588 lunam,
890 1532 975 1595 quae
994 1509 1141 1574 omnium
1158 1509 1277 1575 ultima
1297 1519 1356 1588 est,

198 1610 233 1674 in
255 1612 414 1697 terrisque
433 1624 609 1682 versantur.
656 1615 853 1681 Caelestium
872 1637 949 1701 ergo
967 1614 1192 1680 admirabilem
1210 1614 1356 1680 ordinem

198 1713 484 1802 incredibilemque
524 1719 748 1795 constantiam,
785 1741 826 1783 ex
862 1740 928 1804 qua
964 1719 1163 1783 conservatio
1200 1725 1235 1783 et
1270 1717 1356 1784 salus

198 1818 345 1882 omnium
367 1821 472 1886 omnis
494 1822 604 1900 oritur,
622 1822 679 1907 qui
701 1807 819 1887 vacare*
839 1831 949 1887 mente
970 1830 1075 1908 putat,
1098 1822 1126 1886 is
1144 1821 1213 1907 ipse
1236 1821 1355 1887 mentis

198 1943 313 2008 expers
337 1923 506 1991 habendus
535 1935 592 1991 est
647 1925 747 1992 Haud
773 1949 857 2013 ergo,
883 1935 922 1991 ut
952 1927 1072 2013 opinor,
1099 1948 1254 2004 erravero,
1279 1926 1307 1992 si
1335 1937 1405 1998 at?

145 2051 182 2113 15
197 2026 343 2113 principe
364 2029 607 2115 investigandae
621 2030 769 2095 veritatis
790 2030 889 2117 hujus
909 2029 1139 2116 disputationis
1160 2029 1356 2116 principium

198 2131 328 2199 duxero.
874 2175 877 2180 -

200 2281 204 2288 -
264 2236 374 2302 XXII.
417 2238 505 2303 Zeno
520 2239 621 2325 igitur
637 2246 787 2304 naturam
801 2239 850 2304 ita
864 2237 989 2315 definit,
1005 2246 1042 2302 ut
1056 2260 1129 2303 eam
1144 2237 1231 2304 dicat
1245 2238 1356 2325 ignem

199 2359 267 2404 esse
293 2341 511 2419 artificiosum,
537 2343 578 2407 ad
607 2342 808 2429 gignendum
833 2329 1095 2427 progredientem
1116 2341 1179 2407 via
1236 2341 1356 2406 Censet

198 2442 287 2506 enim
310 2445 389 2510 artis
408 2446 549 2510 maxime
570 2446 735 2531 proprium
755 2466 824 2510 esse
842 2465 949 2509 creare
973 2452 1007 2508 et
1028 2442 1182 2528 gignere3
1204 2443 1355 2528 quodque

145 2570 184 2608 20
197 2545 233 2609 in
255 2547 403 2631 operibus
425 2532 608 2613 nostrarum
635 2549 754 2612 artium
780 2568 895 2612 manus
920 2545 1048 2625 efficiat,
1067 2545 1101 2632 id
1125 2545 1229 2610 multo
1254 2544 1356 2610 artifi-

198 2649 313 2716 ciosius
339 2661 487 2717 naturam
516 2652 648 2731 efficere,
675 2652 709 2717 id
736 2659 794 2730 est,
820 2658 859 2715 ut
888 2649 964 2728 dixi,
995 2649 1106 2737 ignem
1136 2647 1356 2729 artificiosum,

198 2754 389 2839 magistrum
417 2755 538 2821 artium
567 2755 773 2840 reliquarum.
833 2755 944 2838 Atque
977 2753 1039 2817 hac
1068 2751 1201 2838 quidem
1230 2754 1355 2820 ratione

198 2859 302 2924 omnis
324 2868 440 2925 natura
462 2859 634 2925 artificiosa
656 2868 714 2940 est,
737 2859 824 2944 quod
846 2858 946 2924 habet
968 2858 1061 2943 quasi
1082 2857 1170 2922 viam
1192 2858 1354 2942 quandam

198 2968 232 3025 et
246 2970 375 3041 sectam,
392 2986 491 3049 quam
507 2972 669 3049 sequatur.
716 2964 825 3049 Ipsius
839 2985 915 3028 vero
936 2963 1058 3041 mundi,
1074 2962 1130 3048 qui
1146 2962 1254 3026 omnia
1269 2984 1355 3028 com-
1368 2977 1406 3038 58

146 3087 182 3147 ²5
197 3065 295 3150 plexu
313 3089 371 3132 suo
390 3074 514 3145 coercet
533 3077 567 3132 et
585 3067 739 3145 continet,
757 3076 876 3132 natura
894 3089 958 3131 non
978 3066 1150 3131 artificiosa
1169 3066 1281 3146 solum,
1297 3065 1354 3132 sed

196 3167 293 3252 plane
316 3169 432 3234 artifex
458 3170 500 3235 ab
523 3171 636 3235 eodem
659 3171 790 3235 Zenone
812 3169 941 3248 dicitur,
962 3168 1139 3234 consultrix
1164 3176 1197 3234 et
1219 3168 1355 3254 provida

197 3272 378 3341 utilitatum
394 3275 742 3361 opportunitatumque
758 3275 913 3340 omnium.
943 3276 1055 3360 Atque
1069 3283 1108 3339 ut
1122 3281 1247 3340 ceterae
1258 3281 1354 3339 natu·

196 3399 250 3443 rae
273 3377 340 3444 suis
362 3379 540 3445 seminibus
559 3403 706 3466 quaeque
728 3379 917 3466 gignuntur,
936 3387 1123 3465 augescunt,
1139 3379 1354 3460 continentur,

197 3481 241 3547 sic
264 3491 382 3547 natura
405 3483 519 3548 mundi
542 3507 653 3549 omnes
679 3493 787 3549 motus
809 3483 909 3549 babet
930 3482 1136 3561 voluntarios,
1155 3490 1353 3568 conatusque

143 3609 182 3668 30
196 3594 230 3650 et
250 3587 476 3672 appetitiones,
489 3611 570 3675 quas
593 3588 701 3676 ὁρμάς
717 3589 831 3654 Graeci
852 3596 978 3668 vocant,
995 3597 1030 3653 et
1050 3588 1102 3652 bis
1123 3597 1354 3666 consentaneas

195 3692 336 3756 actiones
351 3693 395 3758 sic
410 3694 551 3772 adhibet,
567 3702 605 3758 ut
619 3703 746 3760 nosmet
761 3695 832 3780 ipsi,
847 3695 904 3780 qui
918 3694 1035 3760 animis
1050 3716 1217 3759 movemur
1231 3702 1265 3760 et
1280 3717 1352 3761 sen-

196 3795 301 3861 sibus·
335 3798 422 3862 Talis
440 3799 540 3885 igitur
554 3823 646 3865 mens
660 3800 774 3865 mundi
789 3823 864 3865 cum
880 3801 930 3877 sit,
948 3800 989 3866 ob
1004 3821 1140 3885 eamque
1155 3821 1284 3865 oausam
1299 3800 1351 3866 vel

194 3901 367 3986 prudentia
389 3905 440 3970 vel
462 3906 667 3991 providentia
689 3907 844 3993 appellari
867 3914 954 3972 recte
979 3906 1081 3992 possit
1104 3905 1240 3990 (Graece
1262 3905 1349 3972 enim

244 4093 259 4141 5
275 4095 310 4142 tir
321 4093 375 4142 Mu.
387 4093 466 4157 prael.
481 4109 538 4144 vm.
636 4096 652 4144 8
668 4095 769 4144 vanitas
786 4109 835 4145 uss
852 4095 990 4158 generally,
1002 4096 1114 4145 varietas
1124 4099 1143 4145 1.
1154 4093 1260 4144 Moser's
1271 4092 1345 4145 DIM.

196 4175 211 4224 9
227 4178 346 4226 ementita
363 4177 514 4241 [BOEPBE
532 4177 566 4241 by
582 4193 647 4228 corr.
664 4179 694 4240 V,
719 4196 750 4229 aa
767 4181 873 4229 metito
892 4184 959 4231 uult
975 4179 1042 4240 Oxi,
1063 4180 1168 4228 mentito
1184 4177 1219 4240 by
1234 4190 1297 4228 corr.
1317 4176 1347 4226 L

197 4255 226 4305 11
243 4266 374 4309 versantur
385 4259 455 4318 ORE,
467 4260 704 4310 versaturABEPV
715 4261 814 4314 Oxf.÷.
913 4263 1056 4311 coelestiam
1073 4259 1097 4309 G
1113 4259 1219 4309 Mosor's
1235 4257 1273 4305 La
1289 4256 1346 4310 edd.

196 4337 261 4388 atter
277 4339 352 4398 Dav„
364 4343 490 4392 coetestem
502 4356 551 4391 uss
567 4341 696 4405 generally
711 4342 752 4408 (of.
764 4341 845 4394 below
855 4345 869 4404 ἕ
881 4342 929 4405 64).
1031 4343 1063 4390 28
1079 4356 1192 4404 quaeque
1208 4339 1253 4390 AB
1271 4337 1348 4400 Mus,

196 4435 324 4483 quaequae
336 4422 424 4472 BCPV
437 4423 488 4488 (see
499 4423 584 4473 Madv.
596 4426 653 4472 vin.
667 4439 691 4486 p.
705 4423 782 4488 6561).
895 4425 927 4473 30
944 4422 1022 4484 ripaeis,
1040 4421 1119 4472 Latin
1137 4421 1164 4470 in
1183 4434 1237 4471 uss.
