3174 4990
225 395 266 459 62
610 409 657 456 nr
679 407 821 457 rarum
843 407 998 458 nroaun.
1061 425 1063 430 ·
1105 397 1107 402 '

155 562 210 622 160
223 540 310 634 iuna
353 553 416 619 Sus
442 531 619 639 veroquid
645 550 744 616 habet
768 559 897 636 praeter
925 555 1056 615 escam?
1087 550 1139 614 cui
1169 550 1310 636 quidem,
1340 573 1382 616 ne

223 664 413 742 putesceret,
428 644 571 720 animam
586 655 690 740 ipsam
705 676 762 739 pro
778 653 844 717 sale
859 652 970 716 datam
985 652 1065 716 dicit
1083 675 1150 717 esse
1167 652 1382 739 Chrysippum
1448 638 1452 645 ¹

223 782 288 844 qua
311 759 444 844 pecude,
475 760 561 844 quod
592 767 661 823 erat
690 759 737 822 ad·
760 757 956 846 vescendum
982 754 1168 822 hominibus
1194 765 1279 843 apta,
1299 757 1383 821 nihil

222 862 337 948 genuit
360 871 478 926 natura
505 861 682 926 fecundius.
727 860 815 940 Quid
846 860 1093 925 multitudinem
1122 861 1382 949 suavitatemque

223 965 360 1052 piscium
372 950 494 1032 dicami
512 965 591 1050 quid
603 964 731 1028 avium?
753 985 793 1027 ex
803 963 921 1047 quibus
933 971 1026 1028 tanta
1036 964 1213 1051 percipitur
1223 966 1381 1051 voluptas,
1417 992 1433 1052 5

222 1067 439 1133 utinterdum
456 1066 596 1152 πρόνοια
610 1074 720 1131 nostra
731 1065 892 1150 Epicurea
906 1065 1004 1129 fuisse
1016 1066 1309 1154 videatur-atque
1324 1091 1381 1133 eae

194 1239 197 1244 ,
223 1194 265 1236 ne
286 1179 478 1257 caperentur
494 1171 632 1254 quidem
653 1169 907 1233 nisihominum
928 1170 1053 1234 ratione
1074 1179 1173 1256 atque
1189 1173 1383 1250 sollertia,-

223 1297 419 1362 quamquam
435 1296 510 1339 aves
525 1275 689 1359 quasdam,
703 1281 736 1338 et
751 1259 844 1338 alites
859 1281 893 1338 et
912 1274 1043 1351 oscines,
1061 1283 1100 1338 ut
1121 1273 1223 1340 nestri
1245 1299 1382 1361 augures

209 1377 398 1463 'appellant,
428 1381 549 1442 rerum
565 1375 827 1462 augurandarum
857 1399 954 1440 causa
986 1399 1055 1442 esse
1092 1385 1184 1442 natas
1210 1387 1382 1463 putamus.

53 1561 57 1570 ι
156 1483 212 1542 161,
222 1480 300 1545 Jam
323 1503 398 1546 vero
420 1481 578 1545 immanes
601 1489 635 1544 et
656 1480 740 1544 feras
758 1480 870 1545 beluas
890 1481 1106 1556 nanciscimur
1124 1484 1281 1565 venando,
1296 1491 1334 1547 ut
1350 1491 1383 1548 et
1397 1469 1435 1549 ro

223 1607 389 1650 vescamur
410 1587 450 1650 iis
473 1594 506 1650 et
529 1608 735 1651 exerceamur
756 1569 799 1649 in¹
813 1586 960 1650 venando
982 1586 1023 1650 ad
1046 1587 1293 1652 similitudinem
1315 1589 1403 1653 bel·-

123 1728 128 1738 ·
204 1677 206 1680 ¹
222 1691 303 1755 licae
318 1691 506 1776 disciplinae
521 1699 555 1755 et
569 1700 702 1756 utamur
720 1690 852 1778 domitis
871 1691 907 1756 et
919 1691 1161 1771 condocefactis‚
1178 1699 1216 1755 ut
1231 1693 1381 1777 elephan-
1469 1765 1472 1774 ,

223 1794 275 1872 tie,
290 1795 457 1878 multaque
473 1816 513 1858 ex
527 1816 640 1858 earum
656 1794 839 1879 corporibus
854 1792 998 1858 remedia
1012 1795 1132 1859 morbis
1148 1803 1181 1859 et
1195 1796 1382 1861 vulneribus
1448 1809 1457 1859 J
1498 1831 1502 1840 ·

223 1900 397 1976 eliciamus
417 1901 502 1989 sicut
521 1923 560 1964 ex
581 1891 776 1985 quibusdam
795 1899 949 1985 stirpibus
968 1906 1002 1964 et
1021 1899 1139 1978 herbis,
1158 1922 1294 1984 quarum
1316 1901 1381 1965 uti-

222 2005 332 2072 litates
366 2004 536 2090 longinqui
570 2002 724 2088 temporis
753 2024 818 2066 usu
845 2011 879 2067 et
908 1991 1143 2087 periclitatione
1172 2005 1381 2088 percepimus.
1398 2024 1432 2084 15

162 2095 164 2099 ⁵
222 2109 338 2174 Totam
360 2107 436 2172 licet
457 2107 575 2178 animis
597 2115 765 2193 tamquam
796 2107 895 2171 oculis
917 2109 1053 2172 lustrare
1075 2095 1194 2190 terram
1217 2109 1382 2194 mariaque

222 2213 348 2293 omnia;
370 2234 480 2277 cernes
500 2211 571 2298 jam
595 2211 700 2296 spatia
723 2209 877 2295 frugifera
896 2219 996 2296 atque
1015 2210 1174 2276 immensa
1195 2233 1382 2297 camporum

222 2315 424 2401 vestitusque
439 2314 644 2379 densissimos
659 2313 829 2392 montium,
844 2313 1007 2398 pecudum
1022 2322 1143 2399 pastus,
1159 2322 1230 2378 tum
1247 2315 1382 2380 incredi-
1450 2377 1451 2380 ,

136 2423 210 2483 162
222 2419 281 2483 bili
307 2441 418 2483 cursus
444 2419 623 2483 maritimos
647 2417 821 2488 celeritate.
866 2415 935 2481 Nec
957 2438 1032 2481 vero
1055 2439 1153 2504 supra
1174 2425 1302 2495 terram,
1325 2418 1381 2482 sed

223 2523 323 2592 etiam
343 2522 377 2585 in
399 2521 531 2592 intimis
545 2521 615 2606 ejus
632 2520 776 2606 tenebris
793 2519 1006 2605 plurimarum
1027 2541 1134 2583 rerum
1149 2519 1231 2584 latet
1245 2520 1380 2599 utilitas,
1397 2545 1433 2584 20

222 2648 305 2711 quae
321 2626 362 2690 ad
377 2649 473 2690 usum
489 2609 658 2690 hominum
675 2607 747 2689 orta
759 2624 800 2689 ab
815 2624 1001 2688 hominibus
1016 2625 1090 2688 solis
1105 2625 1278 2690 invenitur.

282 2731 388 2806 LXV.
433 2730 520 2794 lllud
535 2753 619 2808 vero,
631 2730 717 2815 quod
731 2727 872 2814 uterque
887 2725 1030 2794 vestrum
1046 2729 1179 2814 arripiet
1193 2730 1326 2794 fortasse
1341 2730 1382 2794 ad

222 2834 533 2918 reprehendendum,
556 2834 661 2910 Cotta,
678 2833 756 2918 quia
777 2833 961 2911 Carneades
981 2834 1121 2898 libenter
1141 2834 1173 2897 in
1195 2834 1317 2898 Stoicos
1333 2835 1382 2920 in-

222 2920 409 3012 vehebatur,
425 2936 579 3013 Velleius,
594 2936 672 3020 quia
686 2935 770 2999 nihil
785 2943 853 2998 tam
869 2936 983 3000 irridet
1003 2936 1162 3023 Epicurus
1178 2958 1276 3020 quam
1290 2958 1382 3021 prae-

222 3039 399 3104 dictionem
414 3062 520 3104 rerum
536 3040 728 3117 futurarum,
744 3027 829 3102 mihi
841 3039 969 3110 videtur
979 3040 1031 3104 vel
1043 3039 1183 3103 manime
1195 3025 1382 3104 confirmare
1396 3063 1410 3102 2
1416 3059 1432 3120 5
1449 3067 1451 3071 ¹

189 3133 190 3136 ¹
223 3139 357 3204 deorum
378 3135 582 3228 proiidentia
600 3140 723 3204 consuli
743 3141 839 3228 rebus
856 3140 1015 3210 humanis.
1061 3142 1121 3206 Est
1139 3142 1226 3207 enim
1243 3144 1382 3228 profecto

131 3307 132 3310 ,
222 3244 389 3322 divinatio,
405 3266 489 3328 quae
504 3243 616 3308 multis
631 3243 717 3320 locis,
734 3244 838 3320 rebus,
854 3241 1054 3329 temporibus
1070 3253 1212 3331 apparet,
1229 3268 1303 3328 cum
1321 3247 1380 3330 [in]

155 3343 211 3434 163
223 3347 358 3433 privatis
373 3354 446 3420 tum
461 3347 602 3433 maxime
613 3347 761 3433 publicis.
806 3347 914 3410 Multa
924 3355 1062 3410 cernunt
1072 3348 1266 3433 haruspices,
1278 3350 1383 3414 multa

173 3441 175 3445 ’
223 3472 361 3537 augures
380 3450 567 3536 provident,
591 3444 696 3540 multa
722 3450 845 3540 oraclis·
858 3450 1070 3527 declarantur,
1095 3449 1202 3516 ¹multa
1227 3452 1381 3517 vaticina-

158 3608 161 3614 .
223 3554 376 3632 tionibus,
390 3554 494 3618 multa
509 3553 650 3633 somniis,
666 3554 771 3617 multa
787 3553 954 3638 portentis,
971 3554 1089 3638 quibus
1108 3554 1244 3640 cognitis
1259 3555 1381 3619 multae
1395 3583 1433 3641 30
1454 3623 1456 3628 ,

124 3690 127 3694 ·
172 3744 179 3756 ⁶
223 3675 320 3745 saepe
345 3681 395 3723 res
420 3681 460 3724 erc
480 3658 649 3754 hominum
675 3658 844 3723 sententia.
858 3666 956 3742 atque
976 3659 1119 3750 utilitate
1136 3660 1383 3745 partae‚,multa

273 3791 406 3875 captam
423 3810 466 3860 cr.
477 3811 534 3869 na,
548 3825 659 3872 prema
676 3823 725 3859 aas
743 3809 802 3860 soh:
815 3809 868 3872 uu.
937 3811 942 3818 ·
969 3810 1000 3858 14
1017 3797 1148 3888 erraremus
1164 3817 1186 3862 r
1199 3811 1263 3861 aaa.
1276 3811 1318 3870 or.
1332 3805 1380 3863 aa.

226 3891 285 3942 Sch.
301 3893 366 3942 after
380 3891 485 3952 Heind,
505 3893 627 3962 eligamus
640 3905 689 3940 uss
704 3891 834 3966 generally
848 3890 923 3940 Allan
939 3891 1015 3941 Klotz
1030 3893 1083 3942 Mu.
1184 3894 1214 3941 15
1227 3889 1383 3956 percepimus

225 3972 291 4022 OBM
307 3971 408 4022 Nonius
425 3988 450 4034 p.
468 3974 524 4033 219,
544 3974 695 4034 percipimus
712 3971 805 4022 ABEV
822 3971 880 4021 Oxi.
894 3977 974 4025 He.¹
1059 3973 1383 4036 repraesentatem
1434 3987 1438 3994 ·

224 4068 289 4103 corr.
301 4058 326 4114 L,
341 4055 556 4116 praedicationem
567 4053 659 4101 ABEV
671 4053 728 4122 Qxf.
743 4057 826 4115 3114,
838 4053 870 4101 cf.
887 4053 900 4114 ξ’
919 4054 974 4102 153.
1075 4054 1106 4122 26
1119 4056 1283 4117 providentia
1299 4054 1322 4102 V
1338 4053 1382 4118 (hy

216 4149 288 4200 ‚corn
300 4134 486 4199 inprudentia)
496 4140 522 4184 Μ
532 4135 598 4194 Oxi,
607 4138 747 4198 pacientia
758 4135 957 4186 lacerarer..
995 4134 1073 4200 (Here
1085 4136 1105 4184 P
1115 4150 1304 4189 recommendes
1316 4135 1383 4184 after

225 4217 281 4279 §68
297 4219 409 4268 Dianam
424 4214 526 4280 autem.)
624 4217 655 4268 27
673 4217 703 4264 ivr
718 4229 767 4264 uss
785 4216 837 4265 and
854 4215 920 4275 edd,
939 4217 988 4279 [ia]
1004 4217 1059 4269 Mu.
1160 4220 1192 4267 28
1205 4219 1315 4280 publicis
1333 4231 1382 4265 uss

225 4297 363 4361 generally,
374 4300 404 4348 ia
416 4299 526 4360 publicis
542 4301 624 4347 mori
641 4297 701 4348 Seh.
720 4297 761 4348 Or.
781 4297 829 4347 Ba.
900 4285 903 4292 ’
928 4300 958 4347 31
976 4314 1007 4348 ea
1025 4300 1071 4354 GR
1086 4299 1177 4350 hamb.
1189 4299 1257 4360 edd,
1269 4315 1320 4352 om.
1334 4315 1382 4350 uss

225 4379 378 4445 generally:
459 4381 574 4429 utilitate
585 4391 643 4442 uss,
656 4381 782 4429 utilitates
794 4379 874 4430 Mars.
885 4379 976 4430 Lamb.
990 4379 1049 4432 Βοὴ.
1134 4385 1142 4415 ²
