3174 4990
621 418 668 468 Du
690 419 832 470 NATURA
855 419 1010 470 DEORUM.

415 565 515 621 inriti
534 567 635 636 atque
656 565 784 621 alacres
802 566 924 622 rostris
943 567 1152 638 perfremunt

345 651 503 724 delphini.

240 758 338 824 Item
359 759 438 824 alia
459 758 599 824 multa:

872 860 1003 915 Silvani
1024 861 1109 916 melo

346 947 557 1002 consimilem
575 946 616 1003 ad
636 965 735 1002 aures
754 949 889 1002 cantum
908 949 942 1002 et
960 947 1114 1003 auditum
1134 948 1250 1004 refert.
1433 963 1448 1024 5

189 1078 227 1137 90
241 1069 326 1154 Ergo
354 1077 393 1134 ut
423 1069 476 1134 hio
512 1070 617 1155 primo
654 1076 785 1153 aspectu
823 1068 1006 1132 inanimum
1043 1068 1199 1153 quiddam
1236 1091 1398 1155 sensuque

241 1192 379 1235 vacuum
402 1193 435 1235 se
458 1179 553 1255 putat
576 1192 714 1247 cernere,
729 1177 803 1255 post
824 1178 935 1234 autem
959 1170 1059 1256 signis
1082 1171 1279 1249 certioribus,
1302 1173 1398 1256 quale

241 1273 285 1337 sit
313 1273 356 1351 id,
385 1272 425 1338 de
455 1295 519 1358 quo
549 1273 762 1350 dubitaverat,
792 1272 909 1358 incipit
945 1273 1108 1360 suspicari,
1142 1275 1187 1338 sie
1216 1275 1398 1360 philosophi

242 1375 433 1454 debuerunt,
455 1375 482 1440 si
504 1375 586 1438 sorte
608 1396 661 1439 eos
683 1374 807 1459 primus
830 1383 980 1460 aspectus
1002 1375 1117 1439 mundi
1143 1377 1398 1454 conturbaverat,

241 1489 361 1566 postea,
376 1503 449 1545 cum
464 1480 620 1544 vidissent
635 1488 742 1544 motus
758 1479 828 1565 ejus
843 1479 953 1544 finitos
970 1488 1004 1544 et
1023 1480 1209 1565 aequabiles
1226 1480 1398 1566 omniaque
1416 1506 1452 1546 10

241 1584 320 1648 ratis
342 1582 508 1647 ordinibus
530 1582 697 1646 moderata
718 1582 982 1667 immutabilique
1005 1583 1194 1662 constantia,
1210 1583 1399 1668 intellegere

241 1689 346 1751 inesse
361 1687 503 1772 aliquem
518 1707 582 1750 non
601 1685 704 1750 solum
724 1686 941 1751 habitatorem
957 1687 992 1751 in
1008 1688 1067 1752 hac
1087 1687 1218 1753 caelesti
1239 1711 1275 1752 ao
1289 1688 1400 1753 divina

242 1790 346 1868 dorne,
360 1789 416 1854 sed
439 1788 539 1854 etiam
560 1796 717 1853 rectorem
740 1797 773 1853 et
795 1788 1030 1854 moderatorem
1053 1797 1087 1854 et
1107 1797 1275 1875 tamquam
1295 1791 1400 1855 arohi-

241 1903 365 1960 tectum
381 1895 465 1959 tanti
480 1894 585 1980 operis
599 1892 749 1979 tantique
769 1893 920 1958 muneris,
966 1892 1121 1958 XXXVI.
1167 1894 1266 1959 Nune
1288 1902 1400 1959 autern

242 1996 325 2061 mihi
351 1996 504 2061 videntur
530 2018 572 2060 ne
600 1995 754 2080 suspicari
784 1995 926 2081 quidem,
952 2003 1076 2080 quanta
1098 1994 1142 2060 sit
1166 1995 1400 2062 admirabilitas
1416 2020 1451 2080 15

242 2098 429 2163 caelestium
444 2121 552 2163 rerum
567 2106 667 2184 atque
682 2099 890 2164 terrestrium.

192 2209 229 2269 el
308 2203 470 2288 Principio
485 2202 572 2266 enim
588 2209 674 2266 terra
694 2201 757 2266 sita
776 2201 811 2264 in
831 2200 939 2265 media
957 2209 1049 2285 parte
1071 2201 1185 2265 mundi
1208 2201 1400 2266 circumfusa
1456 2227 1458 2232 ·

242 2306 387 2392 undique
402 2313 451 2370 est
465 2306 526 2370 hae
541 2304 675 2369 animali
696 2304 905 2390 spirabilique
920 2312 1045 2381 natura,
1061 2304 1113 2368 aui
1132 2311 1251 2368 nor‘nen
1264 2313 1321 2391 'est
1335 2310 1399 2380 atr,

243 2411 402 2477 Graecum
417 2409 499 2473 illud
514 2409 656 2494 quidem,
673 2409 728 2473 sed
744 2418 934 2495 perceptum
945 2409 1016 2495 jam
1031 2417 1142 2473 tamen
1158 2431 1218 2473 usu
1235 2408 1401 2488 anostris;

242 2514 359 2579 tritum
389 2521 439 2577 est
468 2512 557 2576 enim
582 2534 640 2597 pro
670 2511 797 2578 Latino.
844 2512 942 2576 Hunc
971 2533 1081 2576 rursus
1107 2511 1315 2596 amplectitur
1340 2512 1401 2575 im·
1417 2541 1454 2581 20

243 2637 374 2682 mensus
396 2614 516 2692 aether,
539 2613 595 2698 qui
618 2621 743 2678 constat
769 2636 809 2678 ex
835 2612 1001 2678 altissimis
1027 2614 1166 2698 ignibus,
1210 2614 1402 2679 Mutuemur

243 2720 303 2785 hoe
327 2739 454 2804 quoque
480 2718 624 2795 verbum,
655 2716 846 2800 dicaturque
876 2724 946 2781 tam
974 2717 1122 2782 ‘aether'
1146 2715 1272 2796 Latine,
1303 2740 1401 2802 quarn

243 2821 362 2887 dieitur
376 2827 440 2899 aer,
457 2819 518 2883 etsi
532 2819 765 2903 interpretatur
779 2818 956 2884 Pacuvius:

244 2939 324 3007 Hoc,
348 2938 434 3008 quod
458 2954 612 3005 memoro,
633 2936 741 2992 nostri
762 2936 904 3004 eaelum,
927 2936 1020 2990 Graii
1042 2936 1224 3006 perhibent
1247 2937 1400 2993 aethera.

245 3036 346 3117 Quasi
361 3058 436 3101 vero
455 3058 520 3100 non
539 3035 656 3100 Graius
671 3036 731 3099 hoc
745 3035 839 3100 dicat.
884 3035 931 3099 At
946 3035 1062 3099 Latine
1077 3034 1230 3120 loquitur.
1277 3039 1314 3104 Si
1329 3039 1401 3123 qui·
1416 3065 1452 3126 25

244 3141 319 3205 dem
333 3161 392 3204 nos
413 3161 478 3203 non
498 3139 591 3223 quasi
612 3139 733 3204 Graece
754 3138 942 3223 loquentem
965 3137 1147 3203 audiamus.
1191 3139 1296 3205 Docet
1313 3142 1401 3207 idem

244 3244 307 3308 alio
322 3244 410 3309 loco:

352 3363 544 3434 Grajugena
561 3362 599 3417 de
620 3361 707 3416 istoc
728 3362 837 3432 aperit
856 3363 929 3432 ipsa
948 3361 1067 3416 oratio.

191 3470 230 3528 92
245 3467 310 3532 Sed
340 3465 380 3530 ad
410 3465 533 3552 majora
562 3465 739 3534 redeamus.
784 3467 833 3530 Ex
864 3467 995 3536 aethere
1024 3465 1126 3552 igitur
1149 3466 1401 3535 innumerabiles

244 3569 394 3633 flammae
423 3569 566 3633 siderum
593 3568 763 3647 exsistunt,
793 3592 929 3655 quorum
959 3577 1009 3634 est
1038 3569 1186 3656 princeps
1215 3572 1263 3636 sol
1293 3574 1401 3639 omnia
1415 3597 1453 3654 30

244 3753 292 3788 uss
309 3732 446 3800 generally,
457 3739 494 3787 eia
510 3745 556 3787 aar
572 3740 647 3788 inciti
664 3745 739 3801 atque
756 3737 870 3788 Ribbeck
886 3737 918 3787 ir.
935 3736 974 3788 ed.
989 3751 1000 3786 1
1016 3737 1129 3798 Or.Ba.,
1142 3740 1212 3788 siout·
1224 3740 1400 3804 tradaturque

244 3821 318 3872 Ribb.
333 3821 372 3870 ed.
385 3834 415 3878 11,
427 3823 463 3870 aie
475 3822 578 3869 inritati
589 3828 664 3883 atque
677 3820 708 3881 G,
723 3822 759 3870 aie
770 3822 874 3870 imitati
889 3827 914 3870 et
929 3819 1025 3869 Heind.
1038 3819 1107 3879 seh„
1119 3821 1172 3870 sie:
1190 3827 1219 3869 at
1233 3823 1310 3870 inciti
1324 3829 1400 3886 atque

243 3903 307 3954 Dav.
321 3903 404 3961 Allan,
416 3905 486 3952 simis
497 3905 572 3952 taciti
583 3911 659 3966 arque
671 3902 778 3955 Laahm.
794 3902 828 3954 ad
838 3903 914 3955 Luor.
929 3918 951 3952 11
963 3904 1018 3965 266,
1032 3903 1287 3966 †eieat-del1)hiat†
1297 3905 1351 3955 Mu.

294 3984 308 4032 1
322 3984 488 4046 perfremunt,
498 3985 642 4047 perfrieoat
652 3983 758 4036 Laahm.
773 3984 790 4034 l.
805 3998 827 4033 a.
927 3986 942 4032 3
959 3987 1018 4033 item
1034 3986 1090 4033 alta
1106 3986 1186 4034 malta
1202 3999 1258 4046 mse,
1271 3988 1332 4036 item
1348 3989 1401 4038 alto

243 4065 336 4113 maleta
351 4062 425 4114 Ribb.
446 4062 462 4114 l.
483 4077 514 4120 o..
532 4065 593 4113 item
608 4066 657 4113 illa
673 4067 747 4114 moles
764 4064 831 4127 aeni.
850 4065 904 4113 Mu.
921 4064 1003 4126 praei.
1102 4065 1117 4114 ὅ
1134 4068 1285 4116 σοηείνηὶῑεπι
1299 4071 1398 4131 mov,

243 4148 369 4196 coadmile
380 4145 472 4195 Xan
483 4144 541 4194 Oxi.
641 4148 672 4198 17
685 4149 884 4210 principio-eet
902 4151 948 4197 at'r
964 4147 1064 4196 Probus
1081 4147 1114 4196 ad
1129 4151 1187 4198 Ecl.
1204 4164 1231 4198 v1
1247 4165 1273 4212 p.
1287 4151 1318 4199 18
1334 4151 1400 4203 Keil.

245 4229 275 4278 18
292 4230 399 4277 animali
414 4227 490 4277 Proh.
503 4228 571 4286 Oxi,
583 4231 716 4280 antarabili
733 4245 782 4280 uss
798 4230 937 4293 generally.
1035 4231 1068 4279 24
1084 4233 1113 4280 id
1129 4234 1195 4294 qood
1210 4235 1289 4282 aoatrt'
1306 4236 1401 4284 caelum

243 4318 377 4361 maereat
387 4310 470 4360 Varro
480 4311 512 4361 L.
524 4313 555 4362 L.
569 4325 586 4360 r
596 4312 636 4364 17.
737 4315 768 4362 28
787 4315 931 4376 Grajayeaa
948 4314 978 4362 de
995 4315 1056 4363 tator
1072 4313 1128 4363 edd.
1141 4314 1208 4364 aiter
1218 4315 1311 4378 Bothe,
1327 4318 1399 4379 Grqy'.

244 4394 270 4443 d.
282 4395 330 4443 isto
341 4407 389 4443 uss
400 4393 536 4457 generally,
553 4395 596 4444 Gr.
609 4397 634 4445 d.
646 4397 697 4446 iata
708 4396 740 4455 Ε,
754 4398 922 4460 Grajayeaam
934 4399 1036 4447 tedeeae
1048 4397 1161 4450 Grotius.
