3174 4990
189 567 289 632 cieret
302 565 475 652 frigoribus
494 589 601 653 neque
617 566 693 632 nive
712 565 895 652 pruinaque
914 571 1141 641 concresceret,

189 693 224 735 se
243 671 389 736 admixto
410 671 514 735 calore
535 671 711 757 liquefacta
732 678 766 734 et
787 669 912 754 dilapsa
933 668 1141 733 diffunderet.

190 775 396 861 aquilonibus
427 774 625 859 reliquisque
651 773 824 859 frigoribus
853 771 989 856 adjectis
1018 771 1159 836 durescit
1188 793 1290 848 umor,
1317 792 1335 834 e

191 877 278 942 idem
304 877 445 942 vicissim
465 877 611 943 mollitur
636 879 816 963 tepefactus
842 883 891 940 et¹
905 875 1042 940 tabescit
1071 875 1183 939 calore.
1240 875 1352 958 Atque

158 993 175 1054 5
191 983 290 1047 etiam
306 982 408 1046 maria
422 982 546 1066 agitata
560 981 667 1046 ventis
682 982 730 1045 ita
743 987 923 1066 tepescunt,
939 986 977 1042 ut
989 978 1136 1064 intellegi
1147 978 1239 1042 facile
1249 977 1353 1063 possit

190 1086 227 1150 in
246 1086 347 1150 tantis
364 1085 429 1150 illis
446 1085 614 1150 umoribus
634 1107 703 1150 esse
725 1083 887 1148 inclusum
908 1083 1057 1148 calorem.
1102 1083 1173 1146 Nec
1190 1082 1279 1147 enim
1296 1082 1352 1146 ille

146 1216 149 1221 ·
191 1196 346 1262 externus
360 1196 395 1253 et
408 1187 607 1252 adventicius
622 1186 790 1251 habendus
806 1195 856 1251 est
870 1194 971 1270 tepor,
988 1184 1043 1248 sed
1059 1206 1101 1248 ex
1114 1183 1240 1247 intimis
1254 1181 1354 1247 maris

190 1290 339 1375 partibus
363 1289 541 1374 agitatione
564 1288 733 1366 excitatus,
763 1288 850 1373 quod
873 1287 991 1352 nostris
1008 1279 1145 1373 'quoque
1168 1284 1353 1370 corporibus

191 1390 359 1476 contingit,
374 1413 448 1454 cum
463 1398 555 1456 motu
571 1398 669 1475 atque
689 1389 919 1454 exercitatione
937 1389 1142 1453 recalescunt
1187 1387 1262 1471 Ipse
1276 1407 1353 1450 vero

138 1529 179 1568 10
191 1502 256 1574 aer,
270 1497 327 1580 qui
341 1502 458 1560 natura
473 1502 522 1560 est
539 1495 681 1568 maxime
703 1493 848 1578 frigidus,
867 1492 1002 1556 minime
1021 1500 1070 1556 est
1088 1513 1201 1576 expers
1221 1490 1355 1570 caloris3

191 1598 247 1663 ille
261 1621 337 1663 vero
352 1606 385 1662 et
400 1598 504 1662 multo
517 1597 650 1683 quidem
665 1597 769 1661 calore
787 1596 952 1661 admixtus
972 1603 1040 1674 est;
1064 1595 1132 1680 ipse
1148 1593 1236 1659 enim
1251 1594 1354 1658 oritur
1367 1603 1405 1663 27

192 1721 233 1763 ex
250 1699 459 1784 respiratione
480 1721 656 1783 aquarum3
678 1721 791 1763 earum
810 1698 898 1763 enim
917 1697 1010 1783 quasi
1028 1720 1127 1784 vapor
1145 1697 1279 1783 quidam
1298 1704 1353 1762 aer

191 1802 360 1867 habendus
386 1812 437 1868 est
449 1829 458 1884 ;
481 1803 509 1868 is
534 1811 646 1868 autem
670 1803 796 1868 exsistit
821 1810 914 1868 motu
940 1804 1010 1889 ejus
1037 1804 1157 1881 caloris,
1181 1804 1240 1889 qui
1261 1804 1354 1889 aquis

192 1905 385 1972 continetur.
430 1905 537 1986 Quam
552 1906 800 1971 similitudinem
818 1928 948 1972 cernere
962 1928 1131 1994 possumus
1145 1906 1181 1970 in
1195 1907 1235 1977 iis
1249 1907 1353 1991 aquia

139 2027 177 2088 15
193 2031 277 2093 quae
301 2009 515 2075 effervescunt
541 2010 680 2074 subditis
704 2009 843 2095 ignibus.
889 2010 967 2074 Jam
990 2032 1066 2076 vero
1092 2012 1217 2096 reliqua
1239 2019 1355 2097 quarta

192 2134 266 2198 pars
281 2113 404 2190 mundi,
419 2136 458 2180 ea
473 2121 506 2177 et
521 2113 593 2198 ipsa
606 2121 677 2178 tota
691 2123 809 2179 natura
829 2113 953 2178 fervida
970 2121 1020 2178 est
1039 2122 1073 2179 et
1094 2116 1207 2180 ceteris
1229 2115 1354 2180 naturis

194 2217 343 2282 omnibus
365 2219 539 2283 salutarem
560 2217 707 2303 impertit
725 2226 759 2283 et
781 2217 916 2282 vitalem
936 2217 1082 2283 calorem.
1126 2219 1178 2282 Ex
1198 2241 1262 2303 quo
1281 2241 1354 2284 con·
1368 2221 1406 2282 28

194 2318 344 2396 cluditur,
358 2341 434 2386 cum
448 2340 560 2382 omnes
575 2318 690 2382 mundi
709 2325 817 2402 partes
834 2318 1056 2384 sustineantur
1070 2319 1180 2395 calore,
1195 2318 1355 2384 mundum

194 2424 295 2489 etiam
308 2424 416 2509 ipsum
430 2421 529 2488 simili
544 2423 679 2508 parique
693 2432 812 2491 natura
827 2425 862 2498 in
876 2431 970 2488 tante
990 2424 1206 2488 diuturnitate
1227 2425 1354 2502 servari,

141 2548 181 2587 20
195 2553 296 2616 eoque
311 2531 422 2615 magia,
437 2529 525 2615 quod
544 2529 691 2615 intellegi
714 2529 811 2595 debet
833 2529 974 2594 calidum
996 2528 1078 2593 illud
1100 2536 1198 2613 atque
1220 2528 1354 2614 igneum

194 2635 242 2699 ita
259 2635 294 2699 in
320 2635 409 2699 omni
434 2635 543 2699 fusum
567 2657 635 2700 esse
654 2643 781 2713 natura,
801 2641 839 2699 ut
858 2634 893 2698 in
911 2656 948 2699 ec
964 2633 1043 2698 insit
1057 2633 1243 2719 procreandi
1257 2633 1306 2698 vis
1321 2641 1355 2698 et

195 2761 291 2804 causa
303 2738 466 2824 gignendi,
481 2761 501 2802 a
516 2761 579 2825 quo
594 2747 629 2803 et
643 2739 823 2803 animantia
836 2738 946 2803 omnia
966 2744 999 2802 et
1018 2759 1063 2815 ea,
1081 2759 1219 2822 quorum
1238 2737 1355 2823 stirpes

195 2847 282 2904 terra
295 2840 511 2919 continentur,
526 2847 560 2905 et
575 2840 663 2906 nasci
679 2841 721 2906 sit
736 2863 865 2908 necesse
880 2849 915 2906 et
929 2863 1108 2926 augescere.
1159 2841 1219 2907 XI.
1256 2840 1354 2926 †Na
1368 2849 1405 2907 29

195 2949 269 3007 tura
302 2951 352 3008 est
385 2943 523 3028 igitur,†
551 2966 634 3028 quae
667 2945 832 3008 contineat
865 2944 1025 3010 mundum
1054 2966 1183 3009 omnem
1214 2966 1355 3030 eumque

145 3060 181 3122 25
196 3054 337 3124 tueatur,
362 3055 396 3111 et
418 3045 610 3130 sequidem
632 3068 698 3110 non
720 3047 791 3112 sine
813 3069 909 3112 sensu
931 3055 1031 3132 atque
1052 3048 1195 3128 ratione;
1225 3069 1355 3113 omnem

171 3148 283 3214 *enim
308 3158 460 3213 naturam
486 3169 615 3214 necesse
642 3158 699 3227 est,
724 3172 807 3234 quae
829 3173 895 3214 non
917 3151 1061 3215 solitaria
1083 3150 1253 3236 sitneque
1278 3151 1355 3215 sim-

196 3251 281 3336 plex,
297 3251 354 3316 sed
369 3273 443 3314 cum
463 3251 527 3316 alio
546 3251 663 3335 juncta
682 3260 780 3337 atque
801 3275 931 3333 conexa,
957 3252 1076 3318 habere
1098 3254 1239 3338 aliquem
1261 3254 1296 3318 in
1320 3275 1355 3319 se

195 3354 425 3440 principatum,
441 3361 480 3419 ut
503 3353 537 3417 in
557 3354 688 3420 homine
714 3365 868 3434 mentem,
893 3356 929 3420 in
952 3357 1050 3422 belua
1071 3357 1228 3442 quiddam
1250 3357 1354 3422 simile

196 3459 325 3534 mentis,
342 3457 430 3522 unde
452 3457 597 3522 oriantur
614 3481 723 3522 rerum
742 3459 916 3544 appetitus.
960 3459 1002 3522 In
1022 3459 1172 3524 arborum
1189 3468 1300 3524 autem
1320 3469 1355 3526 et

143 3585 183 3643 30
197 3581 308 3623 earum
330 3581 447 3638 rerum,
471 3565 554 3644 quae
577 3561 756 3646 gignuntur
776 3583 794 3626 e
816 3569 913 3639 terra,
940 3561 1102 3626 radicibus
1131 3561 1237 3626 inesse
1265 3561 1355 3646 prin·

197 3735 230 3784 30
246 3736 358 3785 declarat
369 3736 457 3798 effusio
467 3736 534 3786 APV
546 3737 623 3796 Mus,
633 3739 746 3787 declarat
757 3739 849 3800 effatae
860 3736 891 3795 Β,
901 3737 1014 3786 declarat
1025 3739 1161 3800 effatisque
1172 3736 1227 3797 ΕΗ,
1241 3737 1355 3786 declarat

197 3824 223 3865 et
233 3817 322 3878 effusio
337 3817 370 3876 G,
386 3817 488 3867 dederat
505 3819 593 3880 effusio
605 3817 643 3880 01,
658 3819 770 3868 decurrat
782 3817 867 3869 0201.
879 3818 935 3880 Ba,
948 3819 1060 3868 deamat
1075 3824 1099 3868 at
1111 3820 1183 3882 sntio
1199 3817 1275 3866 Allen
1292 3815 1352 3868 ach.

198 3896 252 3946 Mu.
264 3897 351 3960 Madv.
366 3899 431 3946 Aac.
444 3912 465 3946 11
478 3899 532 3949 242.

247 3979 385 4040 taujats
408 3991 457 4028 uss
476 3979 614 4042 generally,
635 3981 742 4030 adlectc‘s
765 3978 794 4038 0,
817 3994 868 4030 om.
893 3985 918 4039 0,
939 3981 1069 4032 adstrictis
1092 3979 1146 4030 Mu.
1169 3979 1236 4029 after
1256 3977 1354 4029 Heind.

198 4059 230 4109 14
246 4062 281 4109 tis
295 4057 362 4121 edd,
383 4061 422 4110 tir
439 4073 498 4110 uss.
597 4062 628 4126 15
646 4063 807 4124 effervescunt
823 4059 946 4112 Bovnu
962 4047 1031 4124 Asa,
1051 4064 1087 4111 cic
1105 4063 1250 4125 fervescant
1266 4060 1353 4120 AEW,

192 4143 338 4204 fervescant
355 4141 454 4203 Hm,
468 4145 504 4191 eir
521 4143 682 4205 effervescunt
698 4143 764 4200 Oxt,
777 4145 864 4192 ahenis
876 4144 1020 4206 fervescant
1036 4148 1067 4205 Η,
1081 4144 1165 4192 aeaeis
1176 4144 1243 4205 scra.
1256 4140 1279 4189 G
1290 4141 1355 4191 Red.

198 4226 227 4282 rt,
241 4223 326 4272 aenea
343 4224 505 4285 effervescunt
521 4222 588 4272 Med.
601 4223 630 4272 of
643 4223 752 4282 st.÷‚
765 4237 806 4273 see
818 4225 919 4273 Gomm.
1020 4225 1128 4273 sabaitis
1145 4221 1199 4286 [W]
1216 4221 1274 4271 Oxf.
1294 4222 1354 4272 Asc.

198 4307 264 4362 He,
276 4305 368 4352 rabitis
378 4301 462 4366 XB÷,
475 4305 592 4366 satjcctis
604 4307 676 4354 Ello.
784 4305 815 4354 18
836 4307 918 4355 calore
930 4303 1125 4368 [OEP]A²V²÷,
1138 4305 1246 4354 calorem
1256 4302 1351 4355 A¹BV¹.

154 4425 157 4430 ,
199 4385 230 4433 23
246 4390 341 4435 actura
351 4391 390 4433 cst
400 4385 489 4446 igitar,
501 4399 543 4436 see
556 4385 654 4435 Gcmm.
